2925 4875
99 285 174 361 350
445 181 656 370 naeuius
692 237 976 318 Pannonio.

76 394 330 469 'llorationariim
344 389 521 478 Satyrorum
547 402 681 452 naturam
701 386 868 450 enarrandi.
916 384 1032 448 Interea
1056 384 1128 452 illud
1153 386 1241 453 veliin
1257 387 1332 453 anl-

96 492 261 554 madiiertat
276 483 397 556 Ledlqr,
419 479 562 558 Latinum
584 473 772 537 Vocabulum
789 473 893 534 Satirae
920 489 980 534 tam
997 471 1146 555 designare
1163 473 1330 539 Sermones

95 579 150 661 qui
176 577 324 637 Virtutem
340 565 561 637 commendent,
583 583 673 644 quani
696 562 745 641 qui
763 561 833 622 iiitid
849 558 1037 620 infestentur.
1083 559 1223 623 Omnino
1238 562 1330 628 aliter

96 665 126 727 se
142 684 186 726 res
197 662 284 723 liabet
299 660 329 718 in
343 653 448 736 linguai
463 647 642 718 noslra,'ubi
661 645 704 707 vel
720 666 830 707 nomen
853 645 947 724 ipsum
973 644 1078 708 Satirae
1104 661 1243 710 terrorem
1272 650 1326 709 in·
1363 665 1365 672 ·

95 753 174 836 eutit
191 748 262 821 illis,
285 742 378 832 quise
392 737 530 802 simulam
540 735 573 800 id
588 730 644 796 else
659 731 742 815 quod
757 753 817 793 non
838 730 925 805 sunt3
949 730 1026 811 apud
1046 752 1101 802 nos
1114 735 1195 794 enim
1220 735 1329 796 audito

96 839 201 904 Satirae
224 835 345 916 pomine
360 821 512 889 convicium
536 817 719 901 intelligitur.
765 815 878 879 Eadem
894 832 993 879 tamen
1008 818 1166 899 utrobique
1180 840 1240 882 vox
1263 818 1323 882 est.

97 923 156 988 Sed
169 921 270 987 Latini
286 916 461 1000 plerumque
474 908 504 970 in
520 906 662 970 libroruin
685 903 781 966 titulis
799 903 987 982 respexerunt
1016 904 1097 966 vocis
1121 901 1209 984 ipsius
1230 920 1324 967 natu·

93 1033 173 1084 ram,
206 1026 237 1070 et
266 1008 412 1085 integram
436 992 695 1078 significationem,
731 1010 823 1072 quain
849 990 935 1050 habet
962 1009 1000 1050 ex
1026 990 1223 1072 etymologia,
1245 989 1323 1054 cum

93 1097 184 1161 Galli
201 1094 357 1175 respiciant
375 1085 505 1169 primum
520 1097 550 1143 et
566 1077 799 1158 frequentiorem
815 1075 896 1138 vocis
911 1074 1006 1152 usum,
1028 1077 1148 1138 tributae
1164 1076 1230 1162 jam
1251 1077 1325 1141 inde

94 1185 135 1247 ab
149 1183 234 1247 initio
247 1175 374 1241 disteiiis
385 1187 416 1232 et
428 1163 702 1231 obtreslationibus.

141 1265 302 1332 Scribenda
319 1275 417 1322 autem
433 1277 468 1316 ea
484 1274 543 1314 vox
558 1249 666 1314 Latine
686 1269 738 1330 per
757 1272 775 1311 a
791 1245 835 1309 vel
850 1267 901 1327 per
916 1244 938 1321 i,
959 1243 1079 1311 Gallice
1093 1269 1148 1329 per
1160 1246 1172 1308 i
1186 1246 1323 1329 simplex.

97 1356 162 1437 Qui
180 1376 229 1435 por
249 1347 463 1434 ysciipserunt,
487 1339 507 1400 ii
531 1359 604 1399 cuin
632 1333 782 1415 Scaligero,
808 1331 928 1418 Heirfia,
950 1325 1194 1415 multisquealiis
1219 1334 1321 1397 eredi-

92 1443 214 1508 derunt,
236 1459 274 1500 ex
300 1430 489 1496 Numinibus
514 1422 657 1497 Rusticis,
680 1441 756 1503 quos
779 1419 883 1484 Graeci
900 1431 1024 1498 Σατυςυς,
1046 1419 1177 1482 Romani
1194 1420 1322 1498 Faunos,

92 1527 320 1606 nuncupabant,
343 1515 466 1580 nomine
479 1511 557 1596 dista
572 1506 653 1572 tuille
667 1503 805 1592 ejusmodi
829 1509 979 1586 poditiata,
1001 1501 1080 1585 eque
1096 1495 1171 1569 uoce
1185 1506 1321 1587 Satyrus,

91 1614 213 1679 aunam
245 1628 350 1671 vocem
378 1601 498 1682 Sarum
536 1594 602 1659 istas
626 1609 766 1674 praeterea
786 1592 900 1671 Satyrus
926 1592 1107 1653 carminibus
1131 1590 1320 1656 Graecorum

90 1699 228 1765 Satiriri'i
249 1695 333 1756 valde
357 1689 438 1750 suill'e
460 1685 583 1749 affines:
608 1680 687 1763 quod
713 1677 768 1740 elle
794 1677 969 1739 l'altissimum
997 1678 1161 1740 luculenter
1187 1680 1321 1742 demon-

90 1776 193 1852 stravit
212 1780 418 1846 Casaubonus,
441 1774 489 1833 ubi
504 1767 624 1831 doceto
645 1762 763 1843 Satyrus
776 1785 814 1825 ex
825 1762 964 1843 analogia
985 1765 1102 1825 loriiiari
1121 1787 1181 1827 non
1197 1764 1321 1846 Satyra,
1351 1785 1357 1788 ·

91 1874 139 1938 sed
157 1868 295 1952 Satyrica,
317 1863 539 1944 plurimumque
554 1850 685 1916 interesse
711 1852 790 1913 inter
813 1847 997 1912 Graecorum
1024 1849 1170 1936 Satyrica,
1192 1867 1221 1914 et
1246 1852 1321 1914 Ro·

90 1977 247 2025 manorum
266 1949 384 2015 Satiras.

135 2040 315 2128 Spaabnni'iis
344 2036 374 2097 iii
397 2030 521 2114 pulchra
547 2027 604 2088 ‘susi
638 2023 673 2085 ad
699 2020 817 2110 Juliani
852 2021 1028 2105 Imperatoris
1057 2019 1177 2108 &stares
1203 2019 1321 2086 Praefa-

90 2132 186 2205 tione,
209 2128 291 2210 plura
314 2124 351 2183 de
379 2140 458 2181 novo
482 2113 631 2177 observata
654 2111 786 2171 contulit
814 2108 850 2170 ad
876 2130 909 2169 ea
925 2129 994 2189 quae
1013 2110 1175 2172 anteedde
1190 2130 1221 2171 re
1243 2130 1319 2189 pro.

45 2251 48 2258 =
90 2216 200 2281 tulerat
228 2208 435 2276 celeberrimus
462 2198 597 2275 Crunos,
635 2196 783 2275 descriptis
817 2215 928 2278 magno
952 2214 1022 2256 cuin
1045 2193 1161 2278 judicio
1185 2197 1318 2259 duorum

89 2308 261 2389 poematum
290 2298 423 2378 quinque
452 2304 510 2364 aut¹
527 2286 575 2347 sex
602 2282 818 2345 discriminibus
841 2280 1061 2364 inlignioribus,
1084 2302 1151 2360 quae
1175 2281 1317 2345 lividere

89 2392 202 2473 cupias,
222 2382 371 2446 audlorem
398 2376 453 2439 adi.
499 2371 584 2433 Nihil
612 2390 745 2450 unquam
771 2366 828 2430 suit
847 2368 924 2451 apud
940 2363 1071 2429 Gtaecos
1091 2366 1239 2430 Romanae
1255 2365 1317 2430 Sa.

88 2479 154 2539 eirae
179 2473 342 2537 finitimum
371 2481 477 2546 prater
506 2455 584 2521 Sillos
609 2457 688 2531 suos,
713 2453 836 2517 mordax
864 2454 1014 2517 Poiimatis
1036 2474 1143 2535 genus,
1168 2455 1246 2539 quod
1272 2476 1316 2518 ex

89 2560 263 2645 fragmentis
280 2552 410 2620 Sillrruiri
420 2546 543 2613 Tinuiiis
558 2543 645 2606 facile
666 2540 768 2626 colligi
795 2542 906 2622 potest3
931 2539 967 2602 ad
997 2542 1054 2601 line
1074 2542 1208 2617 intereat,
1228 2541 1315 2623 quod

89 2649 154 2712 Silii
183 2644 369 2708 Graecorum
396 2654 485 2699 merae
510 2631 600 2693 ellent
626 2628 773 2701 Paradae,
807 2628 888 2710 quod
913 2625 950 2687 de
977 2623 1117 2687 Romana
1134 2626 1232 2689 Satira
1250 2628 1315 2689 dici

87 2735 203 2817 nequit,
228 2727 311 2792 ubisi
328 2728 401 2789 sorte
416 2717 573 2803 aliquando
595 2718 626 2777 in
648 2712 803 2776 Parodiam
832 2714 956 2787 incidas,
977 2711 1090 2773 videbis
1108 2729 1208 2774 tamen
1235 2713 1316 2776 Ροδ-

86 2838 150 2884 tam
175 2817 280 2880 cavisse
304 2836 340 2879 rie
355 2811 531 2872 abuteretur.
576 2801 667 2865 Unde
682 2801 775 2883 liquet
796 2796 927 2882 Parodiis
940 2796 1104 2861 naturalem
1114 2797 1172 2862 elle
1183 2801 1215 2862 in
1230 2798 1317 2864 Sillis

86 2908 194 2982 sedem,
216 2926 277 2966 non
289 2903 358 2963 item
376 2900 405 2959 in
420 2894 532 2958 Satiris.
1200 2890 1203 2896 “

132 2990 273 3075 Exposita
299 2986 417 3049 tandem
440 2980 555 3053 natura,
578 2974 704 3059 origine,
723 2988 754 3034 et
778 2969 925 3056 progressu
951 2970 1066 3045 Satine,
1089 2992 1183 3052 pauca
1198 2971 1234 3034 de
1249 2971 1315 3052 ipo

88 3079 216 3143 Horatio
246 3076 317 3140 milii
341 3071 405 3133 sunt
420 3065 554 3134 dicenda,
576 3064 627 3143 qui
642 3060 761 3143 quidem
776 3062 871 3141 qualis
889 3060 917 3122 in
933 3061 991 3121 hoc
1006 3080 1094 3141 opere
1109 3058 1154 3133 sit,
1177 3079 1238 3120 non
1252 3079 1314 3140 po-

88 3168 143 3229 test
158 3162 345 3228 commodius
359 3150 560 3227 demonstrari,
583 3145 711 3228 quamsi
735 3167 805 3206 euni
831 3143 998 3207 Silenorum
1020 3144 1121 3206 statuis
1144 3164 1315 3225 compares,

88 3254 196 3336 quibus
227 3245 397 3311 Alcibiades
421 3242 450 3303 in
478 3236 496 3297 S
521 3232 635 3316 mpolio
662 3231 812 3293 Socratem
837 3250 1000 3312 comparat,
1033 3254 1101 3314 quae
1127 3230 1199 3293 nibil
1226 3244 1314 3294 extra

87 3340 235 3401 habebant
270 3332 398 3415 pulchri,
435 3262 519 3389 ninii
534 3319 642 3391 ornati,
673 3334 703 3379 at
738 3315 759 3378 si
790 3316 852 3378 illas
874 3318 1038 3396 aperuisses,
1059 3317 1195 3379 omnium
1219 3315 1313 3382 Deo·

87 3447 154 3488 tum
190 3424 383 3500 Deorumque
418 3411 564 3495 imagines
600 3401 762 3468 detexissesss
824 3404 872 3465 ad
903 3425 973 3467 euni
1008 3404 1131 3466 modum
1166 3403 1194 3465 se
1221 3402 1312 3473 nobis

85 3511 204 3573 eitliibet
237 3509 268 3569 in
305 3500 408 3564 Satiris
445 3495 598 3563 Horatius,
630 3491 705 3553 nihil
732 3511 875 3573 magnum
901 3510 962 3571 prae
992 3491 1020 3553 se
1047 3490 1116 3566 sert,
1146 3489 1226 3571 quod
1250 3510 1312 3554 nos

84 3597 216 3660 detinere
248 3592 366 3653 debeat:
397 3583 515 3665 dignior
542 3579 657 3640 videtur
684 3574 752 3648 elle,
769 3612 773 3621 ·
790 3576 841 3658 qui
867 3577 965 3658 pueris
989 3592 1111 3651 teratur,
1134 3597 1226 3659 quam
1251 3577 1310 3659 qui

84 3686 166 3747 viros
201 3692 363 3757 occupatos
393 3684 509 3735 teneat:
547 3666 593 3727 sed
627 3661 750 3743 sepofito
785 3661 866 3737 velo,
902 3679 932 3725 et
960 3658 1085 3724 Horatio
1114 3660 1233 3744 propius
1256 3663 1311 3724 in.

82 3769 193 3851 speetu,
215 3764 351 3828 omnium
378 3758 458 3821 illico
482 3754 635 3819 Diuorum
659 3749 755 3813 oculis
778 3747 803 3809 se
831 3748 970 3830 ingerunt
992 3749 1150 3833 imagines,
1172 3752 1229 3810 lioc
1250 3746 1311 3826 est,

82 3875 188 3919 omnes
210 3851 345 3922 virtutes,
367 3842 402 3913 ad
423 3863 497 3925 quas
525 3834 634 3901 assidue
664 3834 821 3898 exercendi
851 3837 926 3909 lunt,
947 3824 1014 3914 (ιυῖ
1028 3835 1107 3896 vitiis
1133 3834 1190 3895 suis
1209 3835 1309 3896 corri-

83 3942 187 4027 gendis
216 3937 288 4000 serio
310 3930 433 3996 student.
487 3924 597 3991 Oculis
619 3920 722 4004 partim
751 3922 869 3983 intentis
892 3920 977 3984 illuni
1004 3920 1158 4002 adspexere
1177 3921 1310 3985 antehac

81 4027 241 4097 mortales3
279 4040 376 4104 neque
411 4012 522 4096 polluin
564 4032 624 4073 non
654 4010 753 4070 mirari
793 4007 902 4068 Satiras
934 4029 984 4087 per
1010 4023 1055 4069 tot
1077 4006 1172 4069 secula
1200 3998 1311 4083 lebias,

35 4188 38 4195 ‚
80 4131 172 4191 atque
209 4108 340 4181 telesiae,
375 4105 475 4183 paucis
515 4096 675 4161 admodum
720 4093 801 4156 fnisse
839 4092 1013 4167 intelleslas
1050 4109 1100 4155 aut
1132 4092 1309 4173 explicatas.

83 4200 280 4271 substiterunt
316 4198 345 4256 in
375 4189 436 4271 ipso
477 4187 598 4258 cortice,
637 4182 790 4262 verbisque
822 4178 1043 4259 interpretandis
1073 4180 1190 4253 intenti,
1229 4179 1308 4243 nibil

79 4288 154 4351 ultra
176 4285 301 4365 petidre:
339 4275 418 4364 quod
447 4273 565 4359 quidem
590 4271 725 4333 fecerunt
752 4284 783 4329 ut
813 4264 1031 4329 Grammaticis
1057 4287 1109 4348 par
1134 4281 1211 4338 erat,
1242 4286 1310 4329 non

78 4389 114 4438 ut
135 4368 336 4452 Philosophia:
374 4362 459 4448 plane
493 4357 574 4445 quasi
599 4352 749 4439 seripsillet
782 4352 926 4417 Horatius
955 4351 1064 4445 solum
1084 4366 1118 4417 ut
1147 4352 1309 4416 verborum

1224 4456 1306 4500 eon·
