2925 4875
97 345 100 354 ,
134 207 233 341 με’
376 201 378 208 ’
477 228 690 308 oncenu
714 223 1006 304 enarratu.

98 441 103 453 .
131 376 203 458 aelii·
217 371 286 451 citri
302 383 372 449 lana
394 377 530 446 co'orem
560 380 648 464 p'en}
677 375 865 441 combibiltet
888 399 943 440 nec
960 380 1125 461 quiequam
1141 377 1176 439 ad
1194 381 1363 448 tinelutam

131 470 388 556 adlicipiturllct.
436 468 482 532 lex
512 459 604 528 Satur
634 463 748 529 sedium
778 461 898 538 Satura,
922 466 1003 547 quod
1031 462 1131 526 Satira
1158 469 1250 540 etiam
1275 471 1364 551 peri

41 593 43 604 ·
130 557 310 632 efferebant,
332 555 589 638 quemadmodum
620 552 772 640 Maximus
801 570 832 614 ct
860 552 1028 624 Maxumas,
1051 565 1215 632 aptunruset
1232 572 1361 638 optimus.

131 643 186 708 fist
211 645 302 729 igitur
324 641 431 706 Nomen
458 637 643 721 inanima,
667 638 747 720 quod
773 637 949 702 relationem
975 637 1064 700 habet
1087 635 1123 699 ad
1147 637 1362 722 Sulsturrrvum

131 730 343 804 intelleeium3
367 728 509 789 dicebant
533 727 615 788 enim
631 724 717 825 prisci
747 718 881 784 Saturam
905 721 1106 808 intelligentes
1126 721 1237 787 laricem.
1284 727 1361 792 brat

131 836 233 880 aurem
247 809 354 878 Soteira
365 815 430 875 lanx
440 832 489 874 vas
506 809 693 895 (Gallicerm
709 808 807 892 bqtia)
823 829 914 870 omne
926 830 1021 892 genus
1035 809 1179 871 fructibus
1194 811 1360 894 repletum,

130 925 209 984 qtros
226 900 329 965 Cereri
341 897 505 983 quotannis
515 915 546 960 et
562 897 695 968 Baccho,
714 919 746 956 ut
762 897 855 957 torius
876 898 950 957 anni
974 917 1177 974 proventuum
1194 902 1354 975 primitias,

128 987 238 1054 offerre
251 988 402 1060 solebant3
424 983 590 1068 cujusmodi
602 983 770 1045 oblationes
780 1003 818 1042 ex
828 980 915 1043 variis
925 983 1086 1065 generibus
1096 982 1175 1045 inter
1186 984 1212 1046 le
1225 984 1360 1049 consuis

131 1097 194 1138 non
222 1090 306 1138 erant
330 1070 451 1138 Grecis
479 1071 608 1132 omniuo
637 1070 814 1150 incognita,
838 1069 889 1147 qui
914 1087 965 1128 eas
989 1067 1178 1149 appellabant
1205 1075 1358 1148 astiagem

130 1159 236 1230 Senior,
275 1162 460 1232 wotontfpior,
496 1174 525 1216 et
553 1159 583 1215 ln
612 1152 815 1238 leguminibus
846 1151 1003 1222 vnzrerlioer.
1047 1150 1212 1215 Diomedes
1237 1147 1357 1213 Gram-

131 1245 260 1312 maticus
275 1241 414 1303 accurati:
430 1258 461 1305 et
487 1243 570 1303 hunc
593 1239 800 1301 Romanorum
819 1257 933 1314 morem
949 1253 978 1298 et
993 1239 1077 1299 vocis
1092 1236 1207 1299 Satura
1218 1251 1358 1298 naturam

130 1329 354 1412 explicavitbis
364 1326 478 1402 ¹uerbis,
494 1325 579 1390 Loux
598 1335 702 1411 referta
716 1324 811 1387 variis
830 1326 971 1415 multisque
987 1324 1122 1406 primitiis
1135 1326 1230 1388 Sacris
1245 1321 1360 1383 Cereris

131 1417 317 1498 inferebatur,
343 1429 369 1474 et
392 1412 411 1474 ci
434 1411 509 1493 capiri
537 1426 562 1471 er
586 1413 735 1473 satarn‘ate
759 1411 800 1473 rei
815 1410 921 1472 Safura
936 1412 1099 1474 vocatone.
1147 1410 1232 1494 Cujus
1243 1407 1357 1491 generis

132 1502 267 1566 lancium
282 1515 308 1563 rt
318 1495 457 1580 Virgilius
472 1500 502 1559 iri
516 1495 657 1583 Georgicis
671 1499 804 1573 meminit,
819 1517 878 1558 cnm
893 1497 937 1558 hoc
951 1496 1023 1558 mado
1036 1497 1116 1574 dir-it,

305 1583 486 1647 Lancienses
497 1588 596 1670 pondis
603 1583 753 1671 sonantia
768 1583 907 1646 reddimus
920 1599 994 1648 exta.

306 1668 568 1756 Et--lancesque
583 1685 609 1734 et
624 1670 679 1732 liin
686 1673 821 1757 serenius.

132 1757 289 1843 Deinceps
312 1760 348 1821 ad
373 1758 427 1819 alia
453 1753 638 1819 miscellanca
661 1756 799 1844 transsata
826 1754 879 1819 cst.
926 1752 1004 1818 Fcst.
1031 1750 1131 1818 Satira
1153 1753 1207 1817 cibi
1221 1777 1359 1838 gemeres

133 1845 227 1908 variis
240 1848 318 1910 rebus
331 1846 477 1906 connitum.
524 1840 672 1927 Migrarit
685 1847 754 1907 inde
765 1845 799 1906 ad
815 1864 862 1919 ea,
884 1864 954 1923 quae
967 1842 1076 1904 mentis
1087 1861 1117 1905 et
1133 1843 1245 1926 ingenii
1264 1846 1356 1920 sunt3

134 1953 205 1995 narn
222 1931 288 2012 leges
307 1932 424 1992 Saturus
452 1947 682 2011 nuncuparunt,
705 1953 773 2013 que
801 1929 883 2010 plura
909 1929 1021 2007 capita,
1040 1944 1097 1992 aut
1123 1930 1221 2011 piures
1249 1929 1360 1992 titulos

133 2017 426 2098 complectebantur,
449 2032 483 2076 ut
511 2012 611 2088 Legem
635 2015 917 2100 ‘Julinms'opiam
937 2015 1095 2098 Poppaeam,
1118 2037 1186 2096 quae
1201 2015 1358 2076 dicebatur

134 2103 253 2190 miscella
266 2105 347 2185 quod
365 2103 442 2163 idem
459 2099 512 2176 cst,
537 2123 571 2163 ac
588 2103 714 2176 Sarur03
745 2105 825 2165 unde
840 2102 974 2185 molesia
989 2100 1031 2162 est
1053 2120 1082 2162 et
1107 2100 1153 2162 illa
1177 2101 1293 2164 locutio
1304 2115 1358 2183 per

135 2189 270 2252 Saturam
285 2190 468 2274 legrmscrra,
491 2185 562 2249 etim
580 2209 643 2249 non
658 2192 770 2272 rogaris
793 2210 830 2250 ex
844 2188 949 2250 ordine
969 2188 1175 2260 Senatoribus,
1199 2209 1263 2250 non
1286 2186 1355 2248 col-

134 2276 233 2349 lectis,
249 2298 304 2337 nec
322 2273 514 2335 dinumeratis
531 2273 698 2348 sententiis,
714 2296 832 2351 omnes,
848 2273 935 2337 simul
951 2291 981 2344 et
998 2273 1165 2354 promiscue
1180 2273 1356 2336 sententiam

132 2363 279 2437 serebant,
302 2362 383 2445 quod
401 2357 519 2443 proprie
541 2359 698 2434 dicebatur
720 2381 772 2461 per
794 2358 1086 2448 Saturamserrtentiar
1099 2359 1255 2445 exquirere,
1271 2381 1355 2443 quo·

128 2449 227 2517 ,modo
252 2447 315 2527 post
345 2446 477 2508 Lreliurn
504 2445 623 2508 loeutus
646 2446 688 2508 eli
714 2446 878 2508 ballullius.
926 2446 1037 2528 Neque
1059 2448 1107 2508 bie
1130 2447 1355 2522 coniliterunt3

134 2536 224 2598 ctiam
250 2534 331 2596 libres
357 2534 499 2612 qttoldam
531 2533 587 2592 hae
618 2532 819 2614 appellatione
855 2530 1082 2618 insigniverunt,
1112 2551 1144 2598 ut
1173 2530 1354 2597 Pescennius

132 2618 251 2691 chlus,
274 2620 326 2702 qui
343 2617 488 2693 Historias
502 2617 620 2681 Saturni
635 2620 681 2680 vel
694 2634 746 2704 per
762 2620 894 2681 Saturam
913 2621 1000 2682 nobis
1010 2619 1104 2683 dedit.

178 2705 226 2768 Ex
242 2707 287 2768 bis
302 2705 443 2766 omnibus
457 2703 601 2784 exemplis
618 2705 697 2767 sacili
713 2708 783 2786 quis
799 2705 922 2788 negotio
947 2703 999 2767 srbi
1026 2704 1211 2787 persuadebit
1234 2701 1355 2770 Horatii

132 2814 222 2875 opera
249 2794 320 2859 binc
347 2789 464 2853 traxisse
490 2812 614 2867 nemen,
639 2792 799 2880 Sqrirryque
822 2791 995 2873 appellatae,
1020 2796 1100 2874 quod
1126 2790 1217 2854 multis
1244 2804 1270 2858 tt
1295 2814 1355 2854 va-

132 2880 187 2944 niir
202 2880 279 2939 rebus
305 2875 350 2939 boc
376 2899 485 2940 carmen
512 2878 642 2961 refertrr'm
665 2878 737 2967 effic,
759 2878 914 2961 quomodo
937 2877 1012 2938 dicit
1037 2875 1210 2961 l'tirpltyrio.
1258 2876 1354 2961 Qtod

132 2967 254 3050 quidem
270 2984 308 3025 ex
323 2982 403 3044 parte
418 2982 519 3025 verum
535 2960 592 3025 est:
623 2985 696 3025 cave
711 2966 793 3027 eninr
810 2981 908 3044 putes,
923 2985 1028 3039 vocem
1051 2966 1143 3025 nullis
1160 2964 1353 3026 interceden-

132 3056 213 3116 tibus
230 3052 383 3137 gradibus,
405 3050 458 3131 qui
483 3045 639 3111 transitum
663 3052 840 3130 praeberent,
862 3047 957 3111 statim
988 3050 1049 3112 huc
1078 3049 1255 3112 deduslam:
1287 3050 1354 3136 ejus

131 3142 328 3224 migrationes
357 3137 540 3217 antiquiores
568 3150 655 3197 erant
680 3137 711 3197 in
738 3137 810 3197 alias‘
832 3155 890 3210 res,
908 3157 982 3217 quas
1005 3135 1204 3227 propinquius
1227 3131 1352 3211 Horatii

132 3225 270 3287 Santones
285 3224 509 3306 contingerent.
555 3220 604 3282 Ad
629 3243 721 3305 quam
752 3244 813 3282 rem
835 3223 1043 3303 explicandam
1066 3223 1130 3306 jam
1152 3222 1354 3306 accingimur,

131 3332 203 3372 eum
221 3309 346 3371 secuturi
362 3310 512 3382 ordinem,
532 3307 585 3387 qui
609 3305 662 3387 ipsi
679 3303 862 3368 Casaubono
878 3312 906 3368 in
925 3326 1058 3371 mentem
1084 3329 1144 3369 non
1162 3309 1278 3369 videtur
1300 3330 1355 3369 vc·

131 3395 223 3467 nisle;
247 3395 355 3478 quippe
377 3415 437 3457 rem
454 3395 489 3453 ea
511 3393 579 3455 luce
603 3393 767 3474 perfundit,
791 3394 925 3457 utnulla
947 3395 1075 3477 amplius
1098 3396 1241 3479 cuiquam
1258 3392 1352 3464 telins

130 3500 244 3568 quatur
258 3480 294 3540 ad
309 3480 506 3541 dubitandum
524 3479 657 3542 materia.
1323 3488 1327 3493 ’

178 3567 309 3629 Romani
324 3587 405 3641 =cum
427 3566 664 3649 quadringentos
684 3564 804 3627 circiter
829 3587 925 3628 annos
949 3564 1094 3628 Scenicos
1121 3566 1210 3628 ludos
1229 3567 1353 3651 ignora·

131 3670 212 3730 rent,
233 3652 298 3713 calu
314 3651 383 3712 dum
400 3651 462 3713 dies
477 3650 563 3713 festos
579 3673 629 3731 per
646 3651 797 3713 licentiam
814 3669 845 3714 et
860 3650 1005 3715 lasciviam
1020 3654 1180 3739 agitarent,
1193 3655 1224 3715 in
1240 3650 1352 3714 Versus

134 3738 291 3802 Saturnios
303 3752 332 3799 et
345 3734 370 3798 F
373 3738 549 3800 escenninos
563 3737 744 3813 inciderunt,
760 3738 814 3817 qui
831 3737 929 3820 postea
944 3740 975 3803 in
993 3737 1099 3803 Scenis
1115 3762 1167 3823 per
1183 3756 1306 3802 centum
1321 3751 1354 3803 et

131 3826 238 3911 viginti
255 3825 426 3885 fercannus
441 3823 542 3884 locum
559 3823 643 3885 suum
659 3826 748 3885 tutati
765 3824 843 3886 sunt.

174 3910 313 3974 Fuerunt
328 3907 373 3972 isti
391 3908 496 3971 Versus
512 3908 640 3990 impoliti
655 3927 684 3970 et
696 3932 798 3991 parum
816 3908 978 3985 numerosi,
995 3926 1098 3992 utpote
1115 3906 1272 3981 subitanei,
1288 3907 1354 3972 et}

131 3998 244 4081 populo
265 3992 319 4056 lust
345 3995 442 4057 adhuc
465 3996 530 4056 rudi
552 4013 582 4056 et
596 3992 715 4082 agresti,
738 3995 853 4077 quique
868 4018 931 4058 non
947 3998 1039 4057 alium
1057 3995 1228 4081 magistrum
1242 3992 1352 4069 nollet,

130 4106 223 4165 quam
249 4080 391 4143 Cererem
411 4099 442 4143 et
463 4078 628 4143 Bacchum.
675 4079 745 4143 Hoc
767 4105 863 4166 genus
886 4084 1026 4145 carminis
1044 4084 1208 4164 implebant
1223 4079 1351 4141 cauilla-

121 4171 227 4237 ‘tiones
243 4186 273 4232 er
287 4168 444 4253 opprobria
470 4166 589 4247 rustica,
615 4166 756 4233 adhibitis
779 4165 1072 4249 Gelliculationibus
1087 4188 1117 4235 ct
1132 4166 1351 4317 Salrarqonilqus

1182 4273 1229 4331 ,n
1251 4271 1359 4341 acuis,
