2925 4875
279 319 290 337 ·
365 273 813 372 ·NOT'AE1NvtTAM
843 293 1075 373 Honurn.
1177 295 1178 302 ‘

160 448 289 535 Scriptum
300 441 492 531 Quaestorittnt
503 443 701 544 comparavit]
718 444 802 532 Lege
815 443 1041 530 Scrib’tumpro
1056 445 1223 514 scribatunt.
1240 444 1322 514 Vide

129 535 209 603 Notas
221 536 327 600 nostras
342 533 378 594 ad
394 551 422 590 v.
435 532 487 615 36,
503 528 564 593 Sat.
577 533 608 594 ὁ.
625 531 692 595 Ltb.
708 532 753 597 It.
837 550 839 554 ’
1336 571 1347 583 .

270 643 320 707 De
334 662 366 701 re
378 638 513 702 communi
518 639 623 724 scribae
632 643 736 726 magati
749 659 829 730 atque
840 642 912 706 nova
925 659 953 708 te

271 727 405 792 Orabant
420 723 496 787 bodie
508 726 677 815 mernimffes,
694 729 815 817 Quinte,
829 731 947 794 reverti.

126 838 264 923 addequod
279 840 381 905 scribit
394 836 462 904 Liv.
479 859 544 918 cap.
560 839 613 917 46.
629 838 699 904 Lib.
717 839 774 908 lX·
795 859 826 904 et
841 843 881 905 A.
898 837 983 906 Geli.
999 862 1108 927 capp.
1124 838 1194 905 Lib.
1213 839 1279 905 v1.·

160 925 281 1010 deprimo
297 925 669 1006 Maeenati-ire'geatiam
683 926 861 1011 insternatur]
885 925 962 990 Haec
987 927 1026 990 ita
1040 945 1207 1003 narrantur,
1234 924 1316 1009 quast
1366 925 1368 934 ’

24 1015 34 1040 ”
124 1010 242 1074 Horatius
254 1035 316 1084 nou
331 1007 492 1089 innotuerit
507 1007 684 1089 Maecenati,
709 1012 761 1075 nist
774 1014 836 1096 post
852 1018 1035 1094 impetratam
1058 1015 1177 1077 demum
1189 1014 1227 1076 ab
1245 1017 1313 1092 Aug

123 1097 192 1184 gusto
204 1101 332 1176 reniam,
353 1114 385 1161 et
398 1112 602 1179 comparatum
614 1099 773 1162 scribarum
789 1099 1003 1183 Qtaestorium.
1049 1102 1093 1162 At
1116 1099 1189 1163 istud
1207 1098 1316 1162 Sueto·

124 1183 165 1245 nio
183 1206 329 1269 nunquam
352 1183 513 1249 excidissiet.
557 1181 728 1248 Maecenate
743 1189 837 1250 enim
862 1186 1048 1268 deprecante,
1070 1186 1173 1248 caesar
1201 1187 1318 1269 ignovit

125 1265 241 1348 Horatio,
262 1273 353 1355 eique
371 1271 451 1334 bont
465 1272 515 1333 sua
529 1267 554 1332 F
556 1269 614 1360 isco
635 1271 749 1334 addida
763 1272 896 1340 reddidit.
941 1271 1096 1334 Suetonius
1113 1273 1172 1335 hoc
1192 1271 1261 1334 loco
1278 1273 1317 1334 de

122 1371 284 1506 Htsss
297 1356 818 1531 iiiiiti‘qqi'iispiiiiif‘ii
841 1357 1320 1528 issss.s².t{“.ssss.‘s

124 1527 174 1587 otio
186 1527 406 1615 suojucundum
418 1528 566 1591 adhiberet
579 1531 734 1592 comitem.

155 1611 242 1677 Hinne
254 1637 295 1676 me
310 1615 411 1677 videas
425 1614 641 1700 strigefiarem.]
676 1615 752 1680 Non
775 1614 872 1697 placet
896 1616 947 1679 ista
971 1614 1071 1679 lessio.
1116 1612 1319 1679 Proculdubio

125 1695 251 1780 scripserat
261 1699 432 1776 Maecenas,
453 1698 551 1762 Mnno
568 1725 610 1765 me
620 1702 716 1765 videas
727 1702 922 1787 strigostorem
943 1723 1069 1784 eamque
1091 1700 1248 1765 lessionem
1274 1701 1319 1763 se·

124 1785 242 1849 cutusesi
253 1786 436 1849 dodiiffimus
450 1785 576 1851 Voffius.
598 1786 625 1851 F
628 1790 671 1850 uit
686 1789 721 1851 iis
732 1788 913 1868 temporibus
926 1787 1001 1852 Nin.
1011 1786 1129 1851 Crassus
1145 1793 1231 1869 poeta
1242 1807 1321 1870 quo-

125 1873 161 1932 tis
171 1874 278 1953 pumice
292 1874 413 1948 aridior,
428 1894 555 1955 eamque
564 1876 603 1937 ob
617 1874 733 1937 causam
745 1875 903 1938 istiusmodi
919 1875 1064 1938 conviciis
1076 1876 1233 1937 obnoxius.

154 1955 301 2042 digium]
327 1956 440 2022 Graece
456 1964 558 2030 ἐλόγιοι,
580 1958 695 2045 proprii
711 1939 857 2043 significat
872 1960 1004 2037 titulum,
1025 1958 1146 2035 lemma,
1172 1959 1320 2040 praefatio·

119 2046 364 2193 pgcmconcisam,
395 2044 586 2126 breviarium,
608 2069 670 2131 quo
695 2049 775 2131 quis,
805 2047 875 2131 quid
901 2045 952 2110 stbi
981 2046 1062 2122 velit,
1095 2049 1197 2129 paucis
1226 2045 1322 2107 verbio

166 2145 200 2193 et.
316 2155 320 2164 ¹
1102 2161 1108 2172 ι

154 2213 234 2281 Nunc
246 2217 459 2306 oteapatffmtts
472 2234 499 2281 et
520 2215 673 2305 itfirmtts]
697 2216 821 2283 infirmi
836 2218 1002 2282 valetudine
1013 2218 1148 2280 utebatur
1168 2213 1324 2299 Augustus

24 2335 29 2362 t
120 2304 189 2365 unni
202 2321 347 2388 tempore,
369 2304 433 2387 post
447 2327 546 2370 autem
563 2305 673 2367 bellum
691 2305 896 2386 Hispanicum,
924 2305 1075 2385 impendio
1090 2306 1185 2386 tnagis
1208 2303 1325 2386 graves·

120 2394 273 2474 cetecaepit
297 2392 364 2478 ejus
386 2391 533 2459 valetudo.
576 2387 645 2454 Post
670 2388 745 2454 istud
767 2391 856 2477 igitur
879 2390 987 2454 bellum
1014 2388 1128 2465 constat
1154 2411 1221 2455 eum
1249 2391 1326 2451 hanc

119 2473 252 2624 iiifflm
265 2480 303 2542 ad
330 2474 532 2549 Maecenatem
553 2474 699 2560 scripsisse,
720 2474 908 2561 Horatioque
936 2474 1073 2540 obtulisse
1085 2496 1196 2540 munus
1217 2473 1327 2558 episto·

166 2585 223 2628 utu.

157 2649 194 2711 Ab
217 2650 274 2735 psci
297 2649 451 2737 parastticd
478 2647 599 2733 mensa]
644 2647 787 2713 Horatius
809 2648 889 2712 enim
920 2666 980 2711 non
1001 2660 1063 2710 erat
1083 2666 1122 2709 ex
1144 2646 1327 2711 Maecenatis
1369 2644 1372 2649 “

119 2730 287 2813 domesticis,
310 2759 407 2821 neque
421 2735 513 2799 uilius
523 2736 664 2799 ordinarii
689 2736 780 2799 officii
806 2738 896 2799 causi
911 2733 987 2816 apud
1001 2755 1068 2797 eum
1084 2733 1223 2808 haerebat,
1245 2733 1328 2794 ideo·

121 2839 171 2967 (pte
182 2844 246 2888 eum
258 2823 312 2886 bic
328 2824 427 2886 irridet
442 2819 596 2909 Augustus
612 2838 644 2885 ut
655 2820 837 2886 Maecenatis
852 2822 1021 2904 parasitum,
1042 2818 1126 2905 quast
1140 2821 1167 2882 ci
1183 2818 1251 2883 esset
1262 2818 1327 2880 affi-

141 2927 187 2971 uus
199 2930 337 2973 convtva.

155 2992 191 3057 Ac
208 3019 241 3058 tte
255 2995 396 3060 recitanti
415 2993 523 3079 quidem
557 3010 608 3059 atet
620 2991 775 3082 fiectensuit
804 2995 958 3079 quicquam,
992 3007 1043 3056 atet
1069 2990 1224 3054 amicitiant
1242 2989 1325 3077 fitam

113 3076 298 3166 suggerenda
322 3082 405 3165 itia}
433 3080 467 3143 In
483 3083 585 3165 primis
599 3099 701 3144 notatu
718 3082 844 3167 dignum
863 3078 917 3157 est,
940 3081 1020 3163 quod
1035 3081 1094 3141 hoc
1105 3078 1238 3140 observat
1250 3080 1326 3139 b'ue·

122 3168 217 3230 tonius.
261 3168 346 3230 Rara
368 3167 411 3230 est
426 3168 454 3229 in
469 3169 651 3250 principibus
666 3168 809 3267 ejusmodi
826 3166 1004 3231 moderatio:
1028 3167 1116 3251 cujus
1138 3163 1256 3246 quidem
1271 3183 1326 3223 ex·
1377 3204 1378 3209 κ

121 3251 243 3316 hibendae
257 3255 354 3317 fateor
365 3275 425 3316 non
437 3252 490 3316 nist
505 3257 656 3318 rarissimas
670 3258 704 3317 its
717 3254 844 3336 praebete
855 3249 1036 3316 occasiones.
1069 3249 1157 3313 Adeo
1173 3248 1204 3311 itt
1220 3264 1331 3329 paucos

122 3337 254 3417 incidam,
278 3342 331 3423 qui
344 3341 442 3403 officia
450 3341 548 3421 ampla
562 3356 592 3403 et
608 3343 733 3403 bonores
750 3340 828 3404 ultro
841 3339 891 3401 sibi
903 3339 1017 3402 oblatos
1027 3333 1201 3399 detredient.

157 3422 188 3486 Si
202 3440 257 3510 per
272 3426 459 3489 valetudinem
483 3440 560 3489 tuane
574 3425 644 3512 fieri
658 3426 768 3512 P‘ffi‘d
791 3424 928 3489 Indicant
948 3425 1013 3486 baec
1042 3424 1133 3484 verba
1154 3420 1330 3495 Horatium,

123 3508 286 3576 valetudinis
310 3513 370 3575 suae
391 3513 576 3576 excusatione
590 3512 673 3575 illum
695 3517 838 3576 bonorem
854 3510 904 3575 stbi
925 3511 962 3571 ab
979 3509 1117 3592 Augusto
1134 3504 1268 3569 oblatum
1285 3527 1333 3567 re-

122 3595 222 3660 ntaffe.
268 3596 341 3681 Jam
354 3602 433 3672 enim
449 3600 651 3676 consenuerat,
675 3598 753 3661 unde
762 3584 851 3660 etiam
866 3597 998 3682 sequitur
1010 3596 1069 3663 hoc
1079 3594 1107 3657 ei
1122 3614 1183 3654 non
1195 3592 1330 3657 oblatum

123 3679 193 3745 tuisse
206 3701 277 3748 ante
294 3685 404 3748 bessum
420 3685 628 3766 Hispanicum,
652 3701 686 3749 ut
701 3686 866 3767 supradixi.

158 3766 313 3853 Septimia]
338 3769 422 3835 Idem
439 3772 482 3836 est
497 3770 668 3854 Septimius,
690 3792 781 3854 quem
793 3769 954 3853 alloquitur
969 3767 1045 3833 Hor.
1064 3763 1127 3835 od.
1147 3764 1178 3829 6.
1202 3764 1272 3832 Lib.
1292 3759 1334 3829 H.

124 3874 204 3938 quem
216 3855 386 3940 laudatEp.
400 3876 429 3942 3.
441 3856 512 3921 Lib.
526 3856 552 3921 1.
569 3874 717 3942 quemque
726 3857 854 3920 Tiberio
868 3852 1060 3918 commendat
1076 3850 1133 3933 Ep.
1145 3870 1175 3933 9.
1190 3849 1258 3913 Lib.
1273 3848 1298 3912 1.
1325 3902 1328 3909 .

160 3940 274 4026 Undqae
298 3956 325 4006 et
338 3942 429 4009 astarti
443 3943 608 4008 liberalitate
627 3943 835 4092 locupletavit]
858 3938 945 4006 Nihil
968 3940 1132 4023 quicquam
1152 3936 1275 4001 memini
1295 3933 1334 3997 ab

126 4022 240 4091 Horatio
252 4029 367 4094 dissum
382 4032 420 4093 de
435 4032 562 4115 Augusti
588 4032 619 4095 in
639 4035 667 4096 se
693 4029 867 4105 iberasitate,
888 4025 968 4110 quod
986 4043 1086 4089 tamen
1106 4023 1250 4088 silentium
1274 4042 1336 4119 non

123 4111 160 4176 tsi
174 4116 209 4177 ab
226 4118 346 4201 ingrato
360 4118 463 4179 animo
481 4117 657 4199 profesium.
703 4115 809 4178 Nemo
824 4135 956 4199 unquam
972 4113 1028 4175 suit
1043 4112 1188 4194 princeps,
1209 4110 1260 4191 qui
1279 4108 1336 4167 alt·

125 4200 228 4280 nudius
253 4223 314 4266 non
332 4204 526 4280 benefecerit,
548 4207 634 4285 pauci
654 4219 753 4264 autem
779 4202 898 4265 suerunt
914 4198 1045 4282 Augusti
1060 4197 1180 4271 similes,
1197 4195 1248 4277 qui
1270 4214 1339 4254 om·

122 4286 201 4350 nibus
215 4286 271 4350 suis
292 4289 431 4375 subjettts
445 4290 602 4353 benefecit.
646 4289 800 4373 Qrorsum
819 4289 909 4372 igitur
932 4308 985 4368 pto
1000 4284 1087 4366 seipso
1101 4282 1213 4347 seorsim
1229 4280 1339 4363 gratias

124 4388 225 4459 ῑβθῐςῑ,
248 4398 342 4471 quum
371 4374 462 4449 essent
479 4397 534 4469 pto
562 4392 627 4441 toto
641 4373 756 4437 mundo
784 4376 886 4458 gratie
900 4369 1047 4458 agendae?
1073 4368 1142 4435 Sola
1159 4374 1263 4433 autent
1282 4366 1338 4424 hu·

662 4465 674 4556 t
700 4477 748 4553 ³3,
773 4458 787 4545 )
1216 4445 1346 4547 jusmodi
