2925 4875
447 204 662 290 uacauit
701 213 991 296 usurario.
1253 251 1323 333 stt

94 351 367 424 construendorum
396 360 541 423 rationem
580 359 757 434 videremus,
792 361 970 445 dedissetque
997 363 1083 428 nobis
1112 365 1220 432 librum
1247 372 1329 436 hon's

98 443 134 511 in
151 444 261 509 schola
288 445 432 522 fallendis,
454 465 515 508 non
535 445 642 507 animis
671 447 707 507 ad
735 448 873 520 virtutem
894 451 1064 515 formandis.
1108 452 1227 518 Prorsus
1247 460 1327 521 aliud

97 532 155 596 sibi
177 532 209 594 in
236 533 293 595 hoc
321 553 408 613 opere
435 530 623 613 proposuerat
647 531 759 595 Poeta„
795 533 940 618 Namque
983 535 1049 599 finis
1088 541 1245 606 verborum
1281 544 1326 608 est

98 618 195 695 aetio,
218 620 303 705 cujus
328 619 419 681 etiam
435 619 528 700 gratis
543 620 631 678 verba
647 620 702 698 ipfa
717 619 835 681 fuerunt
854 637 977 702 reperta,
999 644 1069 704 quae
1096 625 1149 688 nist
1170 627 1254 691 illum
1278 632 1325 694 as·

97 711 263 789 sequantur
277 702 380 780 linem,
402 703 476 776 nihil
490 702 542 765 nist
557 704 654 766 sutiles
667 706 747 767 soni:
771 727 854 768 aures
865 707 986 789 quidem
997 709 1119 788 feriunt,
1134 715 1171 776 ad
1185 718 1325 790 animum
1361 771 1369 780 ,

96 792 173 858 rrerd
189 813 250 855 non
260 791 414 872 pertinent.

145 877 265 942 Docere
280 896 335 939 nos
346 875 443 939 voluit
456 874 600 937 Horatius
609 876 640 938 in
655 874 701 937 his
717 874 830 952 Satiris,
851 891 957 943 contra
981 880 1053 943 vitia
1076 880 1172 946 nostra
1186 885 1322 965 militare,

95 963 229 1042 affedhus
239 978 415 1044 temperare,
440 980 574 1024 naturam
605 963 637 1023 in
653 963 864 1041 cupiditatibus
887 967 1072 1029 moderandis
1099 969 1206 1033 ducem
1229 974 1322 1058 sequi,

95 1073 205 1118 verum
231 1052 248 1114 i
273 1048 354 1125 salso,
374 1065 405 1111 et
428 1047 446 1111 i
472 1048 556 1110 iebus
578 1045 646 1128 ipsis
667 1069 765 1111 rerum
790 1049 897 1131 species
917 1053 1090 1130 discernere,
1115 1056 1321 1139 pra-judicatas

95 1137 213 1205 temere
237 1136 393 1218 opiniones
417 1135 557 1219 abiicere,
592 1133 736 1215 principia
779 1153 810 1198 et
837 1138 937 1200 causas
969 1139 1123 1203 antonum
1152 1144 1321 1209 nostrarum

95 1222 262 1312 perspedlas
285 1222 403 1296 habere,
434 1220 589 1294 ridiculam
612 1221 740 1302 denique
763 1242 866 1286 eorum
888 1225 1078 1304 pertinaciam
1099 1228 1225 1303 evitare,
1254 1233 1321 1314 qui,

95 1311 213 1396 quibus
233 1310 251 1373 ὲ
275 1306 441 1391 magistellis
460 1308 526 1370 fuis
539 1307 727 1387 opinionibus
753 1309 860 1371 imbuti
884 1312 956 1372 olim
973 1313 1103 1387 fuerunt,
1125 1314 1161 1376 iis
1176 1317 1321 1382 obstinate

95 1401 256 1473 inhaerent,
279 1394 360 1462 nulls
396 1395 498 1457 habirit
526 1395 640 1456 tatione
665 1395 775 1475 quibus
801 1395 968 1459 innitantur
1004 1398 1220 1464 fundamentis:
1259 1427 1322 1469 uuo

95 1485 203 1558 verbo,
216 1513 219 1522 ⁴
231 1484 261 1545 in
291 1503 329 1543 eo
341 1481 513 1555 elaboravit,
536 1495 569 1541 ut
582 1499 637 1543 nos
651 1480 736 1542 uobis
749 1480 856 1555 felices,
879 1483 983 1546 amicis
995 1484 1144 1568 jucundos
1161 1507 1191 1549 et
1204 1485 1319 1567 fideles,
1332 1555 1335 1564 ,

94 1570 241 1635 omnibus
254 1567 430 1648 quibuscum
446 1568 587 1640 risimus,
610 1567 799 1638 commodos,
823 1567 919 1644 utiles,
941 1585 971 1630 et
985 1570 1128 1651 benignos
1142 1573 1297 1652 praeflaret.

141 1655 329 1736 Interpretari
356 1654 497 1716 Audieris
516 1653 613 1727 verba,
637 1652 668 1715 iri
691 1648 815 1732 Figuras
834 1655 971 1737 ,digitum
994 1657 1154 1734 intendere,
1177 1658 1319 1725 [restores

94 1740 307 1828 perorationis
332 1740 476 1802 involutae
493 1738 687 1825 labyrinthos,
710 1757 763 1802 aut
790 1742 993 1819 parenthefeos
1019 1743 1150 1805 obscurae
1172 1749 1319 1824 tenebras,

94 1833 218 1901 ducere,
247 1829 311 1888 haee
336 1827 438 1888 omnia
466 1825 538 1887 nihil
560 1826 704 1892 utimum
735 1826 855 1903 habent,
879 1849 932 1888 nec
957 1843 988 1889 ut
1012 1828 1145 1910 loquitur
1160 1830 1322 1913 Epidires,

93 1917 262 2003 quidquam
289 1913 404 1992 pulchri
430 1927 481 1973 aut
518 1910 644 1992 sapiente
667 1910 804 1994 dignum.
850 1913 899 1974 nd
921 1915 977 1976 hoc
1005 1915 1091 1977 nobis
1124 1920 1319 1990 annitendum

93 2002 162 2080 est3
187 2002 244 2063 hoe
265 2018 340 2079 opus
362 1994 495 2061 nostrum
514 1997 556 2059 e‘st
578 1999 766 2080 palmarium,
790 1999 872 2062 usum
894 2015 927 2060 et
956 2002 1081 2064 rationes
1108 2003 1213 2067 horum
1240 2030 1319 2087 pra:-

94 2104 253 2172 ceptorum
283 2083 444 2162 ostendere,
477 2083 639 2166 eademque
672 2085 896 2148 auetoritatibus
921 2086 1034 2161 fulcire,
1066 2104 1098 2149 ut
1127 2090 1224 2171 palam
1246 2116 1315 2157 om.

93 2176 185 2240 nihus
212 2170 276 2246 frat,
299 2192 349 2232 eos
373 2170 426 2254 qui
444 2187 539 2232 mores
560 2169 624 2233 suos
646 2171 681 2231 ad
712 2172 769 2232 hoc
794 2171 925 2233 seculum
944 2195 1124 2256 componete
1147 2177 1315 2260 negligunt,

93 2265 174 2344 paria
188 2258 284 2320 facere
310 2258 442 2342 aegrotis,
469 2259 520 2340 qui
536 2256 636 2330 libros,
664 2257 714 2317 uhi
729 2259 857 2319 remedia
869 2258 980 2320 morbis
997 2262 1052 2321 fuis
1077 2263 1314 2342 praescubuutur,

93 2351 192 2432 legere
204 2345 348 2419 contenti,
372 2341 486 2420 Medici
501 2342 623 2405 conftlio
637 2359 754 2407 tautum
768 2343 846 2407 abest
861 2361 894 2406 ut
914 2363 1043 2423 utantur,
1058 2365 1088 2408 ut
1098 2369 1134 2409 ne
1148 2349 1316 2436 intelligant

91 2437 213 2521 quidem
228 2432 291 2516 ejus
306 2428 473 2492 utilitatem.
533 2466 536 2477 ‹
1227 2492 1229 2499 ,

139 2520 214 2583 Non
230 2520 307 2601 quod
323 2538 381 2600 ego
397 2517 427 2577 in
441 2516 661 2578 commentariis
682 2517 755 2577 meis
771 2515 932 2600 quiequam
949 2518 1040 2581 sciens
1063 2519 1164 2583 volens
1190 2540 1312 2605 praeter-

94 2608 235 2681 miserim,
260 2603 338 2685 quod
366 2603 403 2664 ad
428 2600 629 2665 Grammatici
657 2603 791 2663 officium
818 2604 968 2683 pertineat.
1014 2604 1106 2684 Spero
1132 2609 1160 2669 id
1185 2610 1334 2673 sensuros¹

91 2692 149 2758 esse
166 2692 315 2763 Leuores,
337 2709 433 2770 neque
443 2690 506 2771 jam
526 2687 615 2749 ullam
634 2688 846 2768 supersuturam
867 2688 897 2750 iu
923 2690 1020 2752 verbis
1047 2691 1164 2755 Horatii
1184 2696 1320 2758 difficit..

53 2822 71 2833 .,
91 2796 206 2843 farem:
231 2799 267 2847 pc
282 2778 312 2841 in
328 2777 404 2837 hanc
417 2795 517 2836 curam
534 2774 679 2854 praecipue
692 2775 826 2849 incubui,
849 2789 882 2835 ut
897 2792 1079 2857 argumenta,
1105 2801 1172 2859 quae
1194 2784 1313 2854 tradat,

91 2866 287 2931 illustrarem:
311 2862 471 2927 rationum,
494 2879 567 2942 quas
587 2860 715 2934 adhibet,
741 2859 913 2925 soliditatem
938 2862 1143 2947 indigitarem3
1169 2882 1201 2927 ut
1222 2888 1314 2947 expeo

89 2954 183 3015 ditem
200 2951 342 3012 circuitus
355 2963 383 3008 et
392 2946 550 3030 ambages,
572 2967 622 3026 per
636 2968 710 3028 quas
726 2968 942 3028 nonnunquam
959 2949 1070 3011 incedit
1083 2952 1118 3011 ad
1134 2952 1241 3031 pbteita
1262 2955 1312 3017 fua

90 3035 307 3109 confinatanda,
329 3051 359 3096 et
378 3033 414 3095 ad
445 3034 590 3096 contraria
626 3033 790 3109 refutanda,
817 3033 863 3095 vel
888 3032 1051 3097 eludenda:
1091 3054 1123 3097 ut
1158 3039 1311 3104 veritatem

78 3125 282 3189 assertionum
305 3119 393 3201 ipsius
416 3117 595 3193 stabilirem3
634 3136 669 3183 ut
688 3120 835 3184 vafritiem
860 3118 936 3202 ejus,
963 3123 1013 3183 ubi
1039 3120 1122 3200 quast
1144 3145 1181 3184 ex
1203 3122 1310 3188 insidiis

88 3213 163 3296 agit,
189 3232 262 3294 qum
283 3206 439 3270 Ledtorem
476 3204 644 3286 imperitum
678 3205 763 3268 facile
787 3206 892 3289 fugiat,
921 3206 1015 3268 oeulis
1040 3228 1239 3287 exponerem
1276 3228 1312 3275 ut

89 3300 222 3380 denique
247 3298 278 3356 in
294 3295 428 3374 apricum
455 3293 613 3373 proferrem
634 3292 789 3353 ridiculum
813 3293 894 3366 illud,
918 3292 999 3375 quod
1027 3294 1057 3354 in
1069 3300 1210 3360 omnibus
1234 3319 1310 3379 quas

88 3398 246 3467 oppugnat
273 3383 357 3443 rebus
380 3377 521 3440 adhibuit.
568 3377 645 3439 Haec
660 3378 728 3440 sunt
749 3401 818 3460 quae
836 3378 909 3440 feeit
929 3396 996 3441 aute
1019 3401 1067 3441 me
1082 3402 1178 3444 nemo.
1223 3382 1309 3448 Nam

88 3490 122 3532 ut
146 3470 191 3531 est
220 3467 361 3528 Horatius
390 3486 473 3525 verus
497 3461 632 3539 l‘roteus,
655 3464 727 3548 saepe
753 3464 862 3533 formas
884 3465 1033 3540 variando,
1056 3467 1224 3549 interpretes
1243 3472 1309 3534 suos

89 3553 303 3637 stepeeffugit‚
327 3553 379 3634 qui
408 3550 478 3612 etim
509 3550 599 3632 ipsum
624 3552 830 3631 reprehendere
863 3553 1032 3631 nequirent,
1056 3551 1201 3634 stupentes
1228 3556 1309 3618 sece-

89 3660 170 3719 runt,
200 3642 279 3724 quod
304 3652 469 3719 potuerunt.
515 3637 684 3699 Affixeruut
707 3638 735 3699 ei
770 3637 971 3721 saepenumero
997 3638 1108 3701 sensum
1132 3663 1192 3703 non
1215 3642 1313 3721 solunt

87 3730 256 3802 diversum,
278 3726 322 3786 scd
348 3725 436 3784 etiarn
466 3721 627 3795 adversum,
655 3731 807 3806 quernque‘
830 3725 889 3806 ipse
912 3745 948 3785 eo
969 3722 1038 3786 loco
1061 3725 1190 3789 refellere
1206 3730 1309 3790 voluitL

89 3814 162 3879 Non
178 3813 258 3896 quod
273 3824 331 3895 eg'o
344 3811 508 3892 quicquam
523 3807 686 3871 detradlum
701 3812 744 3870 eis
764 3811 865 3886 velim,
887 3810 938 3892 qui
954 3825 1021 3872 ante
1034 3832 1081 3872 rne
1098 3810 1226 3889 Horatio
1239 3814 1309 3875 illu-

87 3900 207 3964 strando
239 3898 373 3960 laborent
398 3897 482 3959 suum
502 3896 708 3957 contulerunt:
743 3895 831 3957 laudo
851 3913 979 3958 conatus
1003 3896 1133 3974 illorum,
1162 3899 1204 3960 illi
1234 3902 1308 3962 mihi

87 3988 170 4049 viam
184 3998 392 4067 apperueruut.
437 3981 465 4044 Si
482 3984 541 4062 quai
556 3982 586 4042 in
603 4002 632 4042 re
645 4002 702 4064 ego
717 3981 782 4043 illos
798 3982 940 4064 superari,
961 4003 1051 4044 omne
1064 3983 1135 4043 illud
1148 4002 1304 4063 acceptum

87 4073 183 4137 resero
199 4072 316 4153 magnis
338 4069 398 4131 illis
418 4069 740 4148 exantiquitate'viris,
763 4088 840 4150 quos
864 4069 976 4152 majore
995 4088 1065 4129 tum
1087 4072 1172 4137 tuni,
1193 4072 1305 4155 majore

86 4159 168 4221 certe
189 4159 265 4233 otio,
292 4154 364 4238 legi,
389 4153 557 4215 Homerum
578 4154 659 4226 dieo,
682 4151 849 4231 Platonem,
874 4153 1075 4227 Aristotelem,
1093 4154 1220 4233 aliosque
1242 4174 1305 4221 tatu

88 4243 230 4316 GraetoS,
253 4262 344 4325 quum
361 4238 497 4312 Latinos,
520 4259 596 4322 quos
614 4239 721 4304 assidue
744 4259 818 4315 tero,
843 4256 876 4303 ut
890 4240 926 4300 ad
940 4262 1045 4301 eorum
1073 4238 1186 4318 gestum
1211 4246 1304 4304 retor-

83 4351 165 4393 nem
181 4350 293 4407 meum,
315 4348 477 4411 eorumque
493 4325 623 4393 sontibus
642 4325 760 4412 Ingenii
779 4343 808 4389 et
824 4325 935 4408 ludicii
952 4326 1009 4389 mei
1024 4325 1155 4390 hortulos
1171 4329 1304 4408 irrigem.

1231 4411 1307 4481 Non
