2925 4875
155 268 226 347 352
491 237 707 320 DACERII
750 239 1040 319 PRAEFATIOt

197 392 272 457 Non
288 390 402 470 desunt,
414 388 485 468 scio,
501 389 546 451 his
560 388 743 469 temporibus
758 389 813 474 qui
821 412 929 476 magna
940 391 990 454 illa
1000 373 1135 456 Nomina
1148 393 1202 457 risu
1212 390 1379 478 excipiunt,

59 481 62 487 ’
155 482 208 567 qui
222 480 385 559 reclamant
399 477 548 553 laudibus,
570 475 680 556 quibus
694 498 746 558 per
760 477 862 539 omnia
873 479 969 541 secula
983 478 1120 542 celebrati
1135 483 1379 564 ornatiquesu'nt,

155 568 266 650 quique
293 564 359 627 illos
375 562 497 647 spoliate
511 561 604 623 velint
619 563 654 623 iis
669 562 799 638 coronis,
822 584 898 646 quas
925 578 1008 626 tanto
1023 564 1075 627 suo
1089 563 1195 629 merito
1205 568 1242 629 de
1258 567 1377 631 Tribu-
1448 625 1450 632 ,

153 653 270 715 nasibus
292 651 366 713 adeo
390 646 520 733 augustis
535 662 730 729 reportarunt.
775 651 820 711 At
833 652 876 726 bi,
898 649 1079 713 dum-nimio
1095 650 1261 716 efferuntur
1279 653 1380 717 studio

151 727 219 801 dam
247 735 396 800 devitandi
423 734 661 809 admirationem,
682 736 770 821 cujus
797 749 888 798 mater
915 734 958 798 est
983 736 1154 817 ignorantia,
1180 739 1378 819 imprudentes

78 831 87 844 ‘
152 826 305 889 discedunt
319 825 356 885 ab
371 822 464 885 alteri
479 820 543 895 illd,
564 840 657 900 quam
673 817 761 883 Plato
776 837 931 903 nuncupat
944 823 1227 970 marrem{apienriae,
1249 847 1380 909 quaeque

153 913 250 994 prima
265 909 371 971 oculos
392 906 562 969 bominibus
583 906 706 988 aperuit.
754 904 885 971 Minime
913 908 1006 970 miror
1029 911 1279 988 puchritudinem
1294 911 1379 975 illam

152 999 298 1074 divinam,
315 1015 385 1079 quae
399 992 475 1074 apud
492 989 657 1073 Scriptores
667 989 759 1076 longe
775 991 1022 1074 praestantiffimos
1034 993 1143 1072 elucet,
1158 995 1227 1058 istos
1242 998 1378 1060 homines
1405 1001 1409 1010 “

154 1105 216 1148 uon
243 1102 359 1163 capere,
382 1098 478 1160 neque
498 1075 628 1139 trahere:
660 1083 769 1159 nempe
793 1078 972 1142 infirmiores
983 1078 1068 1155 sunt,
1093 1102 1185 1166 quam
1216 1097 1250 1144 ut
1273 1084 1380 1146 oculos

9 1201 15 1210 ·
84 1199 89 1208 ·
151 1172 242 1233 tantis
258 1165 460 1249 splendoribus
474 1163 605 1226 intentos
614 1162 667 1224 diu
682 1177 782 1227 tenere
796 1178 922 1250 queant:
947 1187 985 1228 ne
998 1165 1097 1231 dicam
1111 1168 1230 1232 facilem
1240 1166 1296 1231 elle
1312 1191 1377 1233 rem

155 1257 310 1339 Antiquos
323 1268 526 1330 contemnere,
549 1247 722 1314 laboriosam
738 1254 809 1315 verb
823 1250 999 1334 intelligere.
1026 1317 1030 1325 ,
1396 1309 1402 1316 .

197 1340 289 1424 Qrod
305 1339 341 1400 ad
357 1359 406 1400 rne
419 1338 534 1414 attinet,
559 1332 690 1398 Divinos
706 1335 772 1398 illos
790 1337 880 1420 Viros
905 1359 943 1401 ex
958 1338 1060 1401 animo
1074 1349 1156 1401 totus
1170 1338 1299 1404 admiror
1325 1361 1379 1404 ve·

154 1446 311 1510 nerorque.
365 1421 429 1484 Eos
450 1422 524 1484 mibi
547 1421 659 1502 semper
680 1421 719 1484 ob
741 1422 847 1486 oculos
867 1443 958 1504 pono,
979 1424 1061 1486 velut
1083 1422 1207 1504 Judices
1236 1427 1381 1492 verendos

153 1531 185 1578 et
200 1516 400 1593 incorruptos,
422 1508 500 1590 apud
515 1526 591 1590 quos
604 1507 728 1570 libenter
741 1508 825 1594 fingo
841 1508 1017 1572 reddendam
1036 1510 1109 1573 mibi
1133 1510 1190 1575 ell'e
1203 1513 1380 1596 scriptorum

132 1617 290 1664 'meorum
307 1615 462 1659 rationem.
965 1607 979 1616 “

197 1683 324 1768 Magnae
342 1681 458 1743 interim
480 1680 574 1743 ducor
598 1676 780 1743 Posteritatis
801 1681 984 1744 reverentias:
1019 1683 1150 1746 timidior
1172 1704 1262 1766 quam
1280 1681 1379 1746 fiden-

154 1773 213 1835 tior
229 1769 343 1856 cogito,
366 1767 454 1851 quale
475 1766 512 1828 de
533 1767 669 1848 operibus
696 1769 782 1843 meis,
808 1765 830 1829 st
852 1768 932 1830 bono
953 1766 1005 1829 suo
1020 1767 1082 1830 fato
1095 1791 1132 1831 eo
1146 1772 1297 1849 pervenire
1313 1770 1380 1854 pos0

47 1913 51 1919 .
154 1856 222 1934 smt,
241 1855 386 1941 judicium
411 1854 505 1915 latura
526 1849 571 1915 srt.
619 1851 694 1916 Non
723 1854 790 1916 ideo
810 1867 910 1914 tamen
931 1854 1056 1917 minoris
1070 1852 1186 1917 aestimo
1206 1857 1311 1918 doslos
1333 1858 1380 1918 vi-

153 1951 215 2021 ros,
237 1942 290 2026 qui
305 1940 392 2004 hodie
420 1940 545 2015 vivunt,
570 1937 655 1999 multi
684 1940 763 2016 sunt,
791 1939 897 2015 fateor,
922 1939 974 2020 qui
999 1940 1128 2002 seculum
1143 1937 1275 2014 nostrum
1290 1962 1381 2006 exor-

154 2042 240 2106 nant,
268 2028 323 2113 qui
347 2026 445 2107 priora
473 2022 630 2106 potuissent
652 2045 812 2098 exornare3
834 2026 865 2087 in
896 2026 1003 2109 quibus
1025 2041 1124 2089 tamen
1148 2048 1186 2088 ne
1201 2049 1295 2090 ununt
1311 2031 1380 2110 qui·

154 2116 223 2178 dem
252 2115 334 2187 novi,
358 2112 412 2195 qui
437 2132 498 2175 non
524 2110 648 2173 honoret
675 2125 706 2174 et
720 2111 801 2173 colat
814 2110 964 2192 antiquos,
986 2114 1037 2175 cui
1054 2134 1116 2175 non
1131 2112 1210 2175 idem
1224 2113 1305 2198 quod
1324 2115 1382 2177 illis

155 2202 257 2284 sapiat,
279 2212 331 2264 aut
352 2199 406 2280 qui
430 2217 534 2259 eorum
563 2212 800 2282 praeceptaanon
828 2197 973 2273 observet,
1001 2199 1078 2260 unde
1092 2215 1237 2281 quantum
1264 2200 1382 2263 aberra-

154 2288 244 2361 veris,
275 2299 392 2347 tantum
429 2282 466 2344 ab
488 2283 553 2362 ipsal
575 2285 682 2345 natural
715 2300 747 2345 et
778 2283 900 2347 veritate
934 2282 1098 2348 discesseris.
1141 2285 1252 2368 Neque
1280 2307 1382 2349 verear

154 2370 345 2449 confirmare,
381 2389 443 2431 non
471 2365 527 2429 elle
563 2368 713 2431 difficilius
749 2368 809 2434 line
845 2369 913 2431 luce
944 2369 1039 2433 oculis
1059 2370 1176 2457 objesla
1210 2373 1382 2456 perspicere,

154 2458 245 2542 quim
267 2458 390 2521 solidam
412 2455 535 2527 laudem,
563 2454 695 2537 adipisci,
731 2472 763 2519 et
783 2458 938 2539 ingenium
960 2457 1097 2520 excolere
1118 2460 1183 2522 aliis
1204 2459 1384 2534 rationibus,

155 2566 245 2629 quarn
261 2562 335 2625 quas
351 2540 458 2603 Graeci
484 2558 515 2603 et
532 2540 762 2605 Romani'nobis
788 2542 1052 2623 praescripserunt?
1065 2543 1132 2607 Siue
1153 2546 1232 2607 enim
1255 2548 1379 2626 propriis

154 2631 251 2694 felicis
287 2627 398 2711 ingenii
429 2627 542 2689 viribus
571 2627 678 2704 innixi,
714 2627 772 2693 sue
794 2630 830 2691 ab
853 2646 915 2692 arte
936 2645 966 2690 et
987 2627 1087 2703 studiis
1110 2628 1256 2706 instrussi,
1274 2652 1382 2697 earum

155 2714 284 2800 vestigiis
299 2713 483 2778 succedimus
498 2730 609 2778 tamen.
654 2716 720 2793 Qui
745 2731 846 2777 autern
865 2715 1017 2797 Antiquos
1031 2717 1188 2791 damnant,
1213 2720 1303 2779 causti
1318 2741 1383 2782 non¹

156 2802 291 2886 cogniti,
312 2822 374 2863 non
389 2799 441 2860 abs
458 2818 489 2858 re
513 2799 580 2874 erit,
602 2818 653 2861 eos
681 2801 768 2864 semel
797 2818 828 2862 et
857 2798 941 2864 simul
966 2815 1052 2863 tanto
1076 2822 1174 2865 errore
1188 2803 1323 2882 liberate,
1346 2821 1379 2867 ut

155 2887 224 2973 ipsis
245 2888 341 2970 palam
363 2883 427 2961 fiat,
450 2884 489 2959 se,
509 2884 581 2946 dum
610 2886 703 2948 nimio
725 2888 755 2949 in
784 2888 862 2949 hanc
886 2902 1006 2950 aetatem
1022 2887 1119 2951 studio
1132 2886 1284 2953 transversi
1299 2893 1396 2973 rapi-'

154 2992 259 3053 untur,
295 2974 359 3058 ejus
388 2973 476 3034 samae
508 2971 585 3051 apud
607 2970 739 3054 posteros
759 2974 958 3057 gravissimum
980 2975 1089 3036 vulnus
1111 2976 1310 3056 imprudentes
1332 2978 1380 3039 in-

155 3063 271 3146 fligere,
316 3058 484 3140 Quidnam
496 3058 576 3119 eninr
592 3061 755 3144 excogitari
772 3058 866 3143 potest
881 3060 990 3123 clarius
1003 3060 1218 3144 argumentum
1233 3064 1268 3125 ad
1285 3064 1377 3128 seculi

155 3146 287 3232 cujusvis
312 3147 319 3205 i
345 3147 527 3225 nutantium,
556 3161 608 3206 aut
638 3143 739 3226 potius
780 3147 945 3207 barbariem
975 3146 1254 3226 demonstrandum,
1283 3171 1377 3233 quam

157 3232 290 3314 quodibi
308 3168 461 3292 ilumerus
479 3231 578 3291 audiat
597 3230 727 3312 ineptus,
751 3229 839 3292 Plato
863 3232 899 3293 ad
921 3229 1072 3295 fastidium
1092 3234 1238 3316 prolixus,
1258 3235 1378 3300 Aristo*-

155 3319 229 3382 teles
246 3338 350 3401 parum
366 3316 484 3389 dossuS,
506 3313 727 3403 Demosthenes
745 3334 775 3379 et
797 3316 910 3379 Cicero
934 3314 951 3377 ὲ
977 3319 1066 3381 trivio
1088 3320 1279 3399 Oratorculi,
1301 3320 1379 3385 Vir-

158 3406 246 3488 gilius
259 3402 347 3465 Poita
359 3400 450 3464 nullis
462 3401 577 3484 gratiis,
589 3402 675 3464 nullo
696 3418 817 3474 ornatu,
841 3401 988 3466 Horatius
1003 3404 1134 3487 denique
1159 3407 1251 3484 rudis,
1275 3409 1377 3471 bumi-

157 3489 206 3565 lis,
227 3508 259 3553 et
274 3487 335 3551 srne
351 3487 473 3549 nervisl
520 3484 660 3549 Barbarae
676 3487 735 3549 illae
744 3504 861 3573 gentes,
883 3512 954 3573 quae
969 3487 1126 3554 Graeciam
1146 3510 1176 3555 et
1190 3491 1376 3577 ltaliampo·

158 3575 309 3657 pulantes,
323 3590 409 3635 tanto
432 3573 531 3634 furore
553 3572 766 3657 grassabantur,
788 3576 859 3655 quid
875 3596 1010 3658 unquam
1028 3577 1059 3641 in
1080 3574 1215 3640 delendis
1235 3579 1376 3661 pulcher-

119 3694 122 3701 ·
158 3662 240 3723 rimis
251 3656 403 3721 vetustatis
413 3660 618 3720 monumentis
630 3659 733 3722 tetrius
745 3659 804 3723 aust
818 3661 902 3724 sunt?
948 3660 1033 3742 Qrid
1055 3664 1150 3748 magis
1165 3664 1374 3728 horrendum?

157 3744 276 3808 Verum
296 3746 359 3826 spes
384 3742 427 3804 est
453 3764 517 3807 non
542 3744 598 3806 toti
625 3746 725 3807 seculo
751 3748 930 3828 imputatum
952 3748 987 3810 iri
1003 3750 1192 3830 quorundam
1208 3753 1375 3833 perversum

153 3832 316 3919 judicium,
333 3851 388 3892 nec
399 3830 544 3912 Antiquis
559 3832 653 3895 sraudi
665 3832 737 3893 sore.

202 3913 322 3981 Frustra
336 3913 503 3995 Imperator
518 3916 568 3978 ille
585 3939 666 3979 arma
683 3918 714 3979 in
731 3915 914 3994 Homerum,
930 3917 1107 4003 Virgilium,
1125 3918 1236 3995 Titum
1251 3920 1376 3987 Livium

157 4004 274 4067 mouit:
300 4000 446 4064 Incassum
462 4002 596 4065 cecidere
610 4006 686 4066 tanti
702 4023 849 4066 conatus:
872 4002 987 4067 bellum
1002 4008 1221 4070 absolutissimis
1236 4010 1373 4091 operibus

157 4089 303 4152 indidlum
320 4089 395 4171 quid
411 4085 491 4148 aliud
508 4091 582 4173 egit,
594 4087 648 4152 nist
660 4090 693 4151 ad
706 4112 864 4152 numerum
878 4091 1055 4171 ineptiarum
1070 4097 1197 4169 acctffit,
1214 4117 1275 4174 quo
1291 4095 1377 4157 labo-

158 4190 204 4239 rat
218 4173 304 4256 ipsius
316 4170 448 4253 historia,
457 4175 749 4258 cumulatioremque
760 4174 812 4259 ipsi
823 4177 966 4242 inuidiam
978 4176 1054 4260 apud
1066 4177 1199 4262 posteros
1211 4177 1373 4263 conflauit?

1167 4452 1170 4459 .
1208 4399 1376 4465 Hortarrr
