2925 4875
438 237 652 316 DACERII
682 238 970 318 PRAEFATIO.
1018 181 1022 186 -
1243 275 1317 352 349

93 387 312 455 cmivnriebant
331 403 391 453 tam
419 386 541 450 material
557 407 651 468 quam
665 384 771 448 formal.
817 384 901 450 Nam
916 386 987 450 nihil
1002 409 1040 451 eo
1060 389 1198 454 attulerat
1223 389 1320 455 Luci·

93 479 150 540 lius
171 494 282 558 praetor
295 477 399 538 nitoris
410 490 440 535 et
454 472 517 535 salis
540 471 716 553 plusculum,
734 472 764 533 in
779 473 894 536 summai
909 476 949 535 rei
964 474 1046 537 nullai
1061 475 1167 561 infigni
1181 481 1320 542 variatio-

93 586 133 626 ne
148 562 237 626 fasta.
264 560 306 624 Et
320 580 491 644 quanquam
510 552 571 620 non
587 560 782 643 conjunxerat
799 557 882 637 plura
905 559 1039 623 versuum
1054 582 1161 645 genera
1174 564 1203 626 in
1216 567 1323 630 eodem

93 652 240 725 carmine,
255 647 329 710 sicut
343 645 460 709 Ennius
474 672 483 720 ς
507 643 614 705 fecerat
639 661 743 706 tamen
757 643 868 705 diversa
890 646 1035 723 carmina,
1059 669 1188 727 quorum
1204 653 1261 713 alia
1274 652 1322 714 in-

94 751 179 817 tegra
214 732 351 795 Versibus
376 730 573 804 Hexasnerris,
599 729 656 791 alia
680 727 829 803 lambicis,
854 731 911 791 ali-a
933 730 1114 795 Trochaicis
1136 735 1323 814 constabant,

96 838 129 881 ut
154 821 251 903 liquet
271 840 307 881 ex
332 815 420 900 ipsius
436 815 618 900 fragmentis.
666 813 711 877 Ut
737 816 831 877 verbo
842 816 951 892 dicarm
975 815 996 880 si
1019 816 1186 884 Lucilianae
1216 822 1323 886 Satira

95 906 199 969 diversi
255 906 331 968 neris
345 904 381 964 ab
400 903 549 966 Ennianis
562 901 627 962 iden
647 901 811 964 censendae·
825 901 891 977 sint,
918 903 999 986 quod
1023 904 1070 967 ille
1084 903 1172 969 ‘hunc
1190 908 1323 973 scriben-

95 994 125 1054 di
141 1007 204 1053 arte
235 1013 313 1074 onge
327 988 513 1070 superaverit,
542 989 583 1050 uti
600 987 694 1049 voluit
708 985 912 1063 Calaubonus,
927 990 1111 1072 consequens
1128 994 1184 1055 erit
1206 991 1325 1057 Horatii

8 1151 10 1166 ί
96 1100 221 1161 quoque
237 1076 345 1139 Satiras
364 1077 380 1136 a
396 1073 560 1146 Luciliania
573 1072 676 1135 diversi
687 1073 802 1158 prorsus
822 1072 904 1137 suiss‘e
924 1078 1052 1160 generis,
1084 1080 1326 1160 qnandoquidem

98 1164 243 1228 Horatius
272 1185 332 1227 non
350 1161 449 1224 minus
466 1161 565 1223 evexit
588 1159 697 1222 Satiras
720 1157 785 1220 suas
809 1160 893 1240 supra
908 1158 1058 1225 Lucilium
1076 1184 1165 1247 quarn
1190 1165 1238 1228 ille
1259 1167 1326 1230 suas

98 1252 183 1333 supra
218 1248 351 1314 Ennium
381 1261 412 1309 et
435 1244 596 1320 Pacuvium
622 1260 767 1307 erexerat.
813 1245 958 1309 Douzani
994 1245 1114 1333 quoque
1145 1251 1245 1313 fefellit
1272 1250 1327 1314 iste

7 1413 8 1420 ἵ
100 1335 260 1400 Diomedis
275 1336 369 1398 locus.
414 1331 483 1395 Hoc
508 1352 571 1392 non
596 1331 632 1392 eo
645 1332 708 1394 dixi
724 1332 804 1412 quod
821 1352 949 1395 errorem
965 1332 1061 1397 levem
1079 1350 1231 1400 tantorum
1247 1339 1328 1401 viro*

7 1435 8 1440 ’
101 1446 168 1487 rum
192 1438 296 1486 notare
324 1419 480 1505 gaudeam,
507 1416 554 1479 sed
577 1416 668 1480 solum
695 1432 728 1480 ut
742 1416 951 1494 demonstrem,
975 1422 1088 1502 quanta
1109 1444 1181 1485 cum
1202 1426 1274 1486 curai
1297 1440 1330 1486 et

7 1533 9 1546 >
100 1508 219 1571 cautela
234 1529 337 1571 eorum
351 1525 442 1590 opera
462 1504 560 1586 legere
579 1519 733 1597 oporteat,
750 1502 800 1566 ubi
822 1503 859 1565 de
877 1525 909 1567 re
931 1506 1028 1589 agitur
1050 1507 1175 1572 obscura
1200 1510 1329 1573 adeoet

7 1607 8 1622 ¹
101 1597 238 1678 antiqua.

88 1719 93 1744 t
144 1681 291 1760 Antiquae
314 1675 418 1740 Satine
433 1674 469 1737 ad
494 1672 598 1739 Scenae
613 1674 695 1738 usum
710 1671 884 1756 'compositae
909 1675 1058 1740 Naturam
1073 1678 1239 1756 declaravi;
1263 1679 1329 1762 pla-

7 1771 8 1814 l
104 1790 179 1834 num
195 1766 251 1828 feci
269 1765 335 1827 inde
349 1761 519 1843 exemplum
543 1758 594 1822 sibi
610 1759 754 1842 sumpsrffe
771 1763 918 1825 Ennium:
941 1761 1006 1827 satis
1021 1763 1151 1849 denique
1164 1764 1330 1830 confirma·

104 1871 170 1917 tum
200 1851 267 1914 dedi
287 1849 380 1914 Ennii
398 1847 579 1930 Pacuviique
592 1847 721 1933 ejusdem
737 1844 794 1909 elle
803 1848 924 1932 ¹generis
938 1871 1010 1912 curn
1036 1849 1137 1913 Satiris
1163 1850 1274 1915 Lucilii
1297 1866 1331 1917 et

106 1939 238 2015 Horatii,
251 1935 341 2019 'quod
357 1951 456 1999 tamen
473 1954 591 1995 carmen
605 1952 666 1996 non
681 1932 735 1996 nisi
750 1935 788 1998 ab
804 1933 931 1998 Horatio
945 1935 980 1997 ad
997 1937 1164 2016 supremum
1180 1937 1330 2021 fastigium

104 2024 279 2110 perductum
291 2021 344 2085 est.
389 2019 462 2103 Jam
476 2019 511 2083 ad
528 2019 653 2082 alterum
668 2018 772 2083 Satirae
785 2040 892 2103 genus,
908 2022 987 2103 quod
1003 2022 1097 2103 recepi
1108 2025 1332 2105 exponendum,

105 2111 188 2198 quod
203 2130 234 2172 et
249 2107 339 2190 ipsum
354 2127 478 2187 quoque
502 2106 538 2166 ab
553 2107 675 2189 antiqua
689 2106 835 2189 originem
850 2107 949 2182 duxit,
976 2125 1091 2191 tempos
1105 2108 1147 2171 est
1171 2110 1329 2175 accedere:

105 2221 139 2261 ea
154 2196 198 2260 est
214 2217 283 2280 quae
299 2194 460 2277 appellatur
486 2190 586 2253 Satira
601 2191 780 2258 Varroniano
795 2193 840 2255 vel
858 2192 1021 2277 Menippea,
1043 2196 1123 2277 quod
1135 2197 1249 2275 primus
1267 2196 1332 2281 ejus

106 2284 209 2347 nostor
224 2281 406 2360 ell'ctpVarro
423 2278 627 2340 Romanorum
639 2277 833 2351 dostillimus,
848 2279 988 2361 quodque
1000 2281 1177 2363 incoepere
1191 2271 1333 2367 Menippi

106 2368 301 2447 Gadargnsrs,
319 2364 484 2447 Philosophi
502 2363 622 2449 Cynici,
638 2385 735 2427 mores
750 2366 880 2427 imitatus
893 2364 972 2429 ell'et.
1065 2438 1069 2445 ,
1225 2440 1228 2446 ¹

151 2457 223 2520 Nec
237 2456 297 2519 solia
315 2456 484 2517 carminum
501 2453 640 2514 varietate
662 2451 748 2514 mista
760 2449 802 2513 est
827 2452 879 2513 isla
901 2450 1015 2516 Satira:
1040 2475 1110 2517 narn
1128 2452 1226 2518 Varro
1240 2457 1265 2517 ei
1282 2457 1333 2519 in·

109 2543 286 2624 terposuerat
312 2541 423 2624 prosam
445 2541 622 2614 orationem,
653 2539 821 2618 promiscuo
845 2538 937 2600 etiam
965 2539 1016 2602 usu
1043 2538 1147 2604 Graeci
1170 2558 1200 2603 et
1231 2539 1332 2604 Latini

110 2631 272 2693 Sermonis.
318 2622 527 2709 Qrintilianus
542 2623 578 2684 de
594 2620 702 2685 Lucilii
721 2621 817 2684 Satira
835 2624 953 2685 locutus
964 2623 1055 2701 addit,
1071 2624 1201 2688 Alterum
1214 2626 1286 2689 illud
1297 2628 1336 2710 est

6 2716 7 2763 3
110 2730 137 2779 et
156 2716 241 2800 prius
266 2715 372 2778 Satirae
396 2722 497 2791 genas,
526 2709 598 2791 quod
616 2731 667 2770 non
682 2706 770 2795 solum
797 2709 953 2773 cambium
965 2711 1107 2773 varietate
1121 2712 1228 2797 missurn
1241 2712 1360 2775 condi-2

111 2802 152 2865 rii
176 2799 325 2865 Terentius
340 2796 442 2873 Varro,
472 2795 524 2856 vir
539 2792 727 2857 Romanorum
740 2793 952 2880 erudinfflrnu53
974 2796 1061 2881 cujus
1089 2797 1148 2860 loci
1166 2799 1252 2861 unica
1273 2799 1335 2862 dis-

111 2887 230 2951 ficultas
246 2887 327 2948 ineo
341 2883 432 2965 ponta
446 2879 497 2955 est,
519 2882 600 2967 quod
624 2883 752 2943 affirmat
775 2879 981 2960 Qaintilianus
1005 2883 1082 2945 hanc
1106 2881 1230 2946 Satiram
1254 2883 1336 2948 Var-

111 2976 265 3037 ronianam
281 2969 364 3033 suisse
380 2972 517 3050 priorem.
562 2965 637 3046 Quo
658 2967 740 3029 enim
766 2965 855 3048 patto
868 2966 938 3028 illud
955 2964 1016 3030 fieri
1033 2969 1138 3048 potuit,
1162 2967 1234 3031 ciem
1248 2983 1337 3033 aetate

111 3060 208 3123 multo
233 3056 372 3142 posterior
401 3054 521 3121 Lucilio
542 3052 630 3115 firerit
661 3049 779 3126 Varror
816 3053 860 3114 At
886 3052 1011 3116 Satirani
1039 3053 1182 3118 Varronis
1206 3070 1338 3136 tempore

113 3149 239 3228 priorem
262 3142 359 3218 fuisse,
373 3163 407 3203 ea
423 3161 492 3202 vero
503 3160 563 3202 non
578 3138 620 3202 est
634 3138 816 3222 Qrintiliani
839 3160 935 3211 inens,
961 3138 1069 3222 quippe
1080 3140 1132 3222 qui
1150 3140 1239 3221 probe
1253 3141 1339 3209 sciret

112 3255 178 3295 cam
197 3231 297 3294 multis
312 3230 397 3293 annis
414 3225 492 3289 soille
507 3227 710 3287 recentiorem.
755 3223 790 3286 ld
806 3224 914 3302 voluit,
929 3223 1053 3288 Satirarn
1069 3226 1202 3289 liancita
1222 3226 1338 3291 mistam

6 3376 8 3393 ,
114 3320 211 3403 magis
237 3315 429 3396 compositam
458 3310 513 3374 elle
531 3312 572 3372 atlv
582 3302 672 3374 Ennii
688 3327 720 3374 et
746 3308 879 3386 Pacuvii,
901 3312 953 3393 qui
978 3312 1008 3373 in
1038 3309 1140 3374 Satiris
1162 3313 1217 3375 suis
1243 3313 1339 3376 multa

6 3454 9 3481 ,
115 3404 164 3468 sibi
192 3405 281 3466 licere
296 3403 463 3474 voluerunt,
485 3420 576 3481 quam
591 3398 627 3459 ad
643 3396 755 3461 Lucilii
775 3397 961 3479 exemplum,
982 3397 1033 3479 qui
1056 3398 1274 3462 musas'coluit
1294 3398 1339 3497 sp·

6 3490 8 3527 ³
116 3493 255 3558 veriores.
1038 3516 1049 3533 s
1246 3512 1249 3525 ·

139 3638 144 3647 ,
158 3576 245 3639 Nihil
259 3573 345 3638 nobis
361 3572 445 3636 restat
459 3569 547 3632 hodie
568 3591 606 3637 ex
623 3567 770 3632 Varronis
795 3566 912 3647 Satiris,
927 3584 1040 3652 praeter
1062 3571 1228 3654 fragmenta
1251 3528 1338 3655 quat·-

6 3654 8 3727 l
115 3663 195 3739 dam,
214 3668 308 3745 eaque
324 3661 483 3721 maximam
509 3659 540 3719 in
566 3672 677 3738 partem
692 3655 919 3735 corruptiffima,
934 3656 1104 3738 titulosque,
1123 3679 1254 3740 quorum
1269 3657 1339 3738 plu·

115 3750 183 3813 rimi
206 3750 275 3812 sunt
295 3745 441 3825 duplices,
463 3764 526 3824 quo
543 3742 653 3806 indicio
668 3744 747 3820 sunt,
767 3762 879 3826 quanta
892 3739 964 3804 cllet
986 3743 1339 3821 varietas‘materiarum,

118 3856 193 3918 quas
211 3834 310 3895 Varro
324 3832 384 3893 illic
400 3829 586 3893 tradlavcrat.
1330 3884 1334 3893 ¹

143 3922 285 3984 .Scnecae
310 3911 591 3999 Apocolocyntosrs,
614 3911 710 3976 Boarti
740 3914 776 3976 de
798 3910 1011 3977 Consolatione
1037 3911 1234 3995 Philosophiae
1256 3913 1343 3976 libel·

119 3996 165 4070 lus
187 4000 217 4069 e'r
244 4003 373 4069 Petronii
401 4001 513 4081 Arbitri
544 3999 700 4085 Satyricon
724 4001 791 4065 sunt
816 4001 920 4064 natirae
943 3999 1134 4063 Varronianis
1153 3999 1279 4062 omnino
1305 3999 1344 4063 sr-

120 4093 215 4157 milcS.
561 4101 564 4111 ¹

166 4180 243 4243 Haec
260 4173 348 4239 habui
373 4173 410 4236 de
432 4171 531 4237 Satiris
557 4171 588 4234 in
607 4191 712 4256 genere
735 4169 880 4233 dicenda:
918 4170 1017 4253 pluras
1032 4171 1062 4233 in
1087 4171 1144 4232 hnc
1164 4184 1346 4255 argumento

6 4252 8 4273 '
115 4264 252 4357 =disserere
280 4262 492 4346 superuacuum
522 4256 600 4324 esset.
646 4256 682 4325 In
712 4258 804 4367 notis¹
825 4255 931 4322 nollris
961 4258 1148 4328 commodior
1171 4258 1366 4406 eritbllocus·

1278 4362 1347 4406 ora·
