2925 4875
352 269 528 386 ,norm
553 273 607 378 ur
632 264 806 350 nunu
831 269 1068 347 nonum.

100 415 226 504 jusmodi
241 418 403 503 gratiarum
430 418 508 482 aetio
532 418 659 505 gloriam
682 419 820 501 principis
846 416 1021 499 amplificat,
1044 415 1161 498 solaque
1175 408 1322 498 dignaest

104 524 173 586 quae
201 504 352 569 literarum
368 507 571 570 monumentis
585 503 743 586 posteritati
759 503 1009 567 commendetur?
1048 501 1153 585 Itaque
1168 499 1323 573 Horatius,

35 621 40 640 ·
104 592 168 672 qual
182 584 243 654 'erat
258 591 425 672 prudentia,
447 590 519 653 nibil
544 590 740 673 praetermisit,
761 613 823 673 quo
843 590 1055 652 demonstraret
1079 587 1236 672 imperium
1253 585 1321 654 uni·

46 728 49 732 ,
105 676 220 740 versum
250 676 388 760 Augusto
412 692 568 760 acceptum
585 674 712 739 retulisse
726 669 897 750 fecilitatem
913 676 1006 755 suam,
1028 696 1125 756 neque
1150 690 1325 756 quenquam

7 771 8 774 ’
56 779 59 785 ’
106 759 188 910 {uide
213 756 310 827 clrem
337 761 635 846 Romanum,quiei
655 762 899 846 tranquillitatem
925 763 1077 846 uitamque
1099 760 1179 823 suam
1195 755 1326 822 nonde

146 862 199 910 sel·
231 867 236 874 '

151 932 321 1081 Vr'ltr'delicam
343 933 492 998 villariam
513 929 623 1000 Tiberii
636 929 805 1018 Drafiqae]
829 930 923 1005 Quod
946 932 1066 1019 quidem
1082 931 1154 994 fecit
1167 928 1231 996 Odi
1248 946 1279 1008 4.
1295 936 1327 989 et

115 1040 129 1086 r
157 1066 164 1081 .
211 1021 250 1082 ib.
285 1064 292 1080 .

135 1041 281 1187 4Ernnqrri
308 1103 423 1190 coegerit
453 1118 568 1191 propter
592 1103 638 1168 hoc
660 1106 749 1167 tribas
771 1105 925 1167 carminum
948 1102 1027 1166 libris
1048 1127 1082 1166 ex
1096 1101 1169 1183 longo
1180 1096 1329 1163 interuallo

110 1204 243 1276 quartum
257 1191 385 1274 oddara]
430 1191 493 1273 Qui
510 1190 603 1254 credit
616 1212 719 1253 omnes
740 1188 825 1252 Odas
840 1190 893 1255 lib.
919 1187 976 1252 lv.
999 1193 1037 1253 ab
1054 1188 1178 1251 Horatio
1207 1186 1327 1265 scriptas

111 1275 268 1360 postquam
284 1279 342 1339 hoc
361 1294 424 1341 erat
439 1281 465 1338 ei
483 1279 522 1341 ab
538 1274 677 1360 Augusto
692 1279 881 1358 imperatum,
897 1297 935 1337 ne
950 1274 1079 1358 is‘longe
1092 1275 1212 1340 errabit.
1251 1268 1330 1334 lllud

112 1363 208 1425 solum
225 1363 298 1444 dicit
317 1351 504 1440 ‘Suetonium
528 1362 688 1427 Horatium
718 1366 756 1427 ab
778 1362 827 1424 Au
852 1361 916 1424 usto
930 1359 1067 1424 coadium
1093 1357 1174 1422 soille
1189 1370 1330 1440 quartum

113 1447 221 1511 librum
236 1448 334 1526 edere,
355 1448 477 1534 illasque
501 1447 599 1526 Odas,
616 1468 702 1531 quas
725 1470 764 1510 ex
793 1384 880 1528 ipsius
909 1448 1033 1528 imperio
1053 1441 1268 1527 composuisset,
1294 1440 1331 1502 iis
1365 1469 1380 1480 ··

97 1533 290 1619 adjungere,
304 1551 378 1615 quas
397 1533 578 1620 jampridem
602 1532 724 1611 secisset,
748 1533 876 1597 necdum
902 1534 932 1596 in
954 1533 1054 1595 lucem
1066 1527 1206 1594 edidisset.
1252 1525 1334 1589 Vide

115 1617 217 1683 Notas
232 1620 268 1683 ad
282 1616 347 1685 Od.
367 1639 393 1684 1.
406 1617 475 1682 Lib,
490 1617 551 1682 IV.

160 1703 276 1768 Habitu
289 1704 408 1789 corporis
420 1705 582 1789 brevisfnr't
595 1719 622 1769 et
636 1705 752 1793 abesan]
776 1703 868 1787 Quod
896 1705 954 1786 ipse
976 1703 1048 1766 dicit
1072 1701 1133 1766 Sat.
1158 1719 1187 1784 3.
1207 1698 1276 1764 Lib.
1290 1694 1333 1759 Il.

115 1791 169 1855 ubi
186 1793 213 1854 se
227 1792 355 1854 affirmat
367 1789 422 1853 esse
433 1790 550 1853 statura
561 1813 621 1854 nou
633 1792 759 1874 amplius
773 1791 924 1872 bipedale
1216 1789 1219 1794 “
1345 1847 1353 1864 ‚

161 1876 242 1942 Vixit
259 1877 415 1962 plurimum
428 1876 458 1938 in
475 1875 573 1962 suffe
588 1876 667 1941 ruris
681 1876 760 1964 sui]
795 1878 946 1942 Hibernos
976 1876 1089 1939 menses
1112 1890 1334 1955 nonnunquam

116 1963 246 2026 Tarenti
261 1960 448 2045 transigebat.
493 1962 549 2025 Sed
572 1965 734 2027 maximam
757 1963 853 2026 aeraria
866 1963 925 2034 suae
947 1978 1059 2043 partem
1075 1959 1200 2024 decebat
1222 1959 1252 2020 in
1268 1955 1334 2017 Ti·

115 2050 238 2112 burtino
252 2048 325 2111 suo:
342 2068 431 2129 quem
448 2046 548 2111 locum
562 2049 689 2130 praetulit
699 2047 852 2125 Tarento,
867 2047 1084 2132 quodoslendit
1095 2015 1158 2107 (id.
1169 2043 1200 2106 6.
1211 2042 1280 2107 Lib.
1290 2037 1334 2103 II.

161 2133 261 2198 Sabini
274 2147 325 2195 aar
340 2133 515 2215 Tiburtini]
538 2132 620 2198 Cave
635 2135 707 2198 hinc
722 2134 846 2219 colligas
866 2135 1020 2217 geminum
1034 2133 1117 2195 fuisse
1135 2130 1260 2194 Horatio
1275 2148 1335 2189 rua.

120 2219 203 2284 Villa
224 2222 287 2305 ejus
315 2218 372 2280 suit
386 2219 461 2280 inter
480 2240 587 2302 agrum
607 2220 783 2297 Tiburtem,
798 2235 828 2281 er
845 2217 1000 2295 Sabinum,
1018 2219 1095 2281 unde
1109 2217 1157 2280 alii
1172 2216 1252 2279 illam
1269 2213 1333 2283 Ti-

116 2307 245 2370 burtinis
269 2304 436 2381 accensent,
459 2305 509 2367 alii
525 2303 765 2388 Sabinis3'quod
788 2303 852 2367 fieri
868 2305 941 2368 solet
965 2306 1002 2366 de
1029 2305 1119 2381 villis,
1141 2302 1274 2377 urbibus,
1305 2311 1337 2359 et

118 2392 270 2457 montibus
283 2390 334 2474 qui
348 2389 462 2469 duabus
486 2392 655 2477 regionibus
673 2392 735 2456 inte
752 2394 859 2455 'acenn
887 2388 1121 2455 oic‘Venusrum
1136 2409 1219 2453 nunc
1232 2385 1335 2450 Luca*

121 2481 193 2560 niae,
208 2499 291 2542 nunc
307 2476 425 2561 Apulia
436 2476 505 2538 urbs
516 2477 688 2557 habebatur,
703 2412 886 2563 otioquitur
894 2475 994 2542 noster
1008 2476 1069 2539 Sat.
1087 2497 1115 2541 1.
1132 2474 1202 2539 Lib.
1217 2471 1266 2537 ll.
1287 2538 1293 2551 ,

126 2654 130 2663 .
249 2642 509 2663 ------
523 2606 666 2686 Lucanus,
687 2631 726 2670 an
739 2608 874 2694 Appulus,
896 2622 1000 2692 anceps.

212 2694 221 2715 '
250 2693 330 2760 Nam
343 2695 491 2782 Vemfimn
504 2695 662 2780 aratfirum
667 2692 724 2779 sub
738 2713 884 2778 utrumque
899 2693 1014 2760 colonus.

112 2828 165 2905 ,Et
180 2826 241 2891 Od.
257 2847 287 2908 4.
308 2824 377 2889 Lib.
395 2823 454 2888 ΙΙΙ.
477 2822 730 2889 eddemdeeausri
749 2825 833 2906 ponit
847 2836 979 2887 montem
1005 2822 1162 2910 Vulturem
1184 2825 1214 2887 in
1230 2823 1342 2906 Apulia

18 2938 24 2949 ·
124 2934 156 2977 et
169 2933 252 2977 extra
276 2912 429 2994 Apuliam.
474 2908 556 2975 Ecce
579 2926 677 2973 autem
704 2910 804 2974 locum
833 2908 936 2971 huice
960 2908 1105 2972 Suetonio
1119 2910 1203 2994 plane
1217 2908 1342 2973 similem

124 2998 380 3153 iiiiditiicii’
402 2999 454 3083 qui
473 2997 509 3060 de
530 3017 598 3060 rure
612 2997 676 3074 suo,
698 2997 778 3081 quod
799 2998 830 3060 in
845 2997 948 3059 eadem
971 2998 1094 3084 regione
1109 2997 1159 3060 ubi
1176 3012 1208 3060 et
1222 2994 1342 3062 Horatii

253 3133 264 3165 ἃ
351 3131 362 3165 2

296 3215 426 3371 sssande
439 3216 536 3301 nester,
544 3214 597 3304 scu
613 3216 725 3293 Sabine,
737 3214 790 3304 seu
805 3214 924 3290 Tiburs,
974 3168 976 3173 ·

237 3314 242 3325 '
333 3327 379 3368 am
393 3317 419 3367 te
432 3303 478 3388 effe
493 3299 637 3366 Tiburtem
650 3316 811 3380 autumant,
837 3304 934 3385 quibus
947 3303 1047 3390 nonest

300 3390 384 3454 Cordi
398 3388 538 3453 Catullum
552 3386 670 3451 laedere:
693 3386 835 3471 atquibus
849 3388 985 3473 corriirst,
1063 3446 1073 3469 χ
1162 3416 1165 3429 ·

269 3522 274 3533 ,
300 3473 414 3563 Quavis
428 3471 563 3537 Sabinum
573 3473 619 3559 effe
632 3472 746 3557 pignore
756 3475 934 3539 contendunt:

300 3561 358 3624 Sed
358 3562 412 3648 seu
423 3561 536 3638 Sabine,
542 3559 596 3645 seu
608 3560 704 3623 verius
719 3555 834 3637 Tiburs,
847 3556 908 3624 &c-

97 3685 99 3688 ⁴
131 3782 150 3844 d
177 3692 327 3846 Domnsgge
335 3660 409 3843 istri
406 3674 555 3843 zlenldirar
567 3692 643 3758 circa
658 3689 781 3758 Tiburni
791 3686 939 3775 braium]
983 3691 1015 3756 Is
1038 3691 1081 3757 est
1096 3691 1230 3769 Tiburni
1250 3694 1352 3792 lucus,
1393 3674 1400 3682 ἱ

152 3803 242 3867 equo
313 3798 365 3865 .7.
411 3802 452 3843 t.
487 3825 495 3843 .

299 3949 304 3963 ·
346 3929 389 3996 Et
422 3943 523 4015 raceps
541 3926 620 4008 Anio,
642 3928 806 3993 narrum·
819 3928 907 4007 lucus,
927 3943 955 3994 et
970 3930 1027 3994 uda

432 4016 545 4082 edilibus
555 4016 685 4102 pomaria
697 4015 781 4111 rivis.

111 4190 118 4195 ·
133 4166 206 4237 Fuit
228 4177 326 4229 autem
342 4140 499 4226 Tiburnus
519 4157 628 4231 Catilae
642 4154 672 4220 et
687 4154 778 4220 Corae
793 4156 891 4229 frater,
913 4157 965 4240 qui
990 4178 1079 4240 quarn
1095 4158 1288 4229 condiderant
1298 4182 1353 4223 ur-

135 4256 217 4329 bem,
239 4251 341 4315 Tibur
359 4270 397 4313 ex
412 4246 535 4314 nomine
543 4246 646 4333 {ratris
656 4244 701 4343 sui
723 4243 848 4308 maximi
863 4256 935 4308 natu
955 4264 1213 4330 nuncupaverunt.
1237 4246 1353 4332 Virgil.

135 4339 205 4407 Lib.
221 4336 297 4405 VII.
1066 4398 1069 4407 Δ
1337 4384 1341 4393 .

52 4447 55 4457 ’
1137 4448 1139 4455 s
1188 4418 1204 4424 ”
1302 4416 1364 4484 Sed
