2925 4875
371 297 546 375 norat
570 295 627 373 ru
651 293 827 371 vrrnn
852 292 1085 372 Honnrrr.
1139 261 1140 266 ‘

170 438 267 529 Juxta
281 438 450 519 Maecenatis
464 439 629 524 tumulum]
666 436 837 503 Decesl'erat
848 437 1005 503 Maecenas
1019 441 1123 503 eodem
1138 458 1227 502 anno.
1252 437 1345 505 Unde

127 545 228 602 autem
256 525 367 590 sardium
384 527 438 604 est,
461 542 494 588 ut
511 527 664 601 Horatius,
686 524 824 607 superstes
840 524 1004 603 comesset,
1027 524 1099 590 nihil
1122 525 1152 587 in
1168 525 1280 608 scriptis
1296 550 1345 589 re-

126 614 258 696 liquerit,
281 635 344 695 quo
359 612 509 674 testaretur
524 612 655 675 dolorem
670 633 709 675 ex
725 608 904 674 Maecenatis
920 607 1023 674 morte'
1030 611 1234 694 conceptum?
1261 612 1344 676 Mihi

127 701 248 784 quidem
265 698 333 761 illud
349 720 410 761 non
427 698 541 760 videtur
556 698 706 759 credibile.
742 696 851 759 Tanto
867 718 936 759 eum
952 695 1060 760 affedlu
1075 697 1186 773 dilexit,
1206 715 1345 782 tantaque

128 787 161 848 in
176 785 202 847 se
217 786 321 847 merita
335 785 400 870 ejus
420 800 513 860 erant,
543 798 575 845 ut
603 783 683 845 nefas
698 779 767 844 eslet
788 784 921 846 officium
936 783 1057 867 lugendi
1084 781 1263 847 Maecenatis
1277 786 1345 847 cui·

126 887 222 953 quam
246 869 329 932 alteri
358 867 510 951 reliquisse.
544 865 661 931 Nullo
676 868 765 950 padio
780 868 848 932 esset
863 869 1073 952 ignoscendum
1090 868 1163 930 adeo
1184 872 1347 948 inhumano

129 956 265 1019 facinori.
297 955 328 1019 si
342 957 380 1017 ita
396 955 648 1037 nefarieingratus
660 953 766 1033 suislet,
783 977 842 1018 non
859 973 919 1017 tam
936 953 1111 1018 aeslimarem
1126 954 1242 1039 scripta,
1253 978 1346 1054 qqup

128 1042 224 1123 ¹ipsum
240 1041 389 1104 duetorem
405 1041 586 1121 aspernarer:
611 1062 719 1124 meque
748 1041 822 1103 adeo
843 1041 1002 1122 poeniteret
1017 1041 1089 1104 tanti
1105 1043 1231 1124 tempori
1293 1099 1308 1137 ᾖ
1330 1043 1335 1050 '

127 1127 305 1210 explicando
324 1127 523 1208 terrendoque
553 1125 701 1190 collocati.
745 1126 908 1190 Videamus
936 1148 974 1189 an
997 1045 1348 1226 historianobisili‘qqil

128 1215 278 1297 suggerat,
294 1215 454 1294 quodcum
469 1211 605 1292 expediat
620 1213 775 1282 &crimine
790 1212 892 1277 silentii
906 1210 999 1289 isliuS,
1015 1209 1095 1295 quod
1111 1214 1350 1312 (tuldewssfflff

130 1313 191 1362 tam
208 1297 367 1380 snspeslnm
394 1315 513 1380 tamque
527 1299 658 1361 odiosum
674 1314 805 1380 apparet.
851 1296 916 1362 Dio
941 1300 978 1361 de
1000 1320 1036 1360 eo
1058 1321 1139 1362 anno
1152 1299 1347 1383 loquens'qut

130 1383 295 1465 Maecenati
317 1385 468 1465 supremus
492 1384 561 1460 fuit,
584 1400 740 1448 enumerat
763 1387 860 1465 primo
874 1386 976 1448 omnia
990 1385 1099 1462 felicia,
1120 1407 1188 1468 quae
1210 1383 1350 1469 Augusto

129 1492 167 1542 eo
192 1491 270 1533 anno
285 1472 485 1555 contigerunt.
531 1469 672 1552 Cumque
686 1468 904 1533 demonstrasset
924 1473 1033 1552 priores
1054 1470 1124 1533 odio
1138 1472 1251 1534 menses
1276 1468 1350 1534 nihil

47 1624 52 1632 ,
129 1559 156 1619 ei
182 1556 401 1638 praeterselices
416 1573 540 1619 eventus
555 1553 669 1632 dedisse,
693 1556 773 1618 addit
798 1554 888 1619 finem
911 1559 979 1618 anni
995 1579 1056 1619 oon
1079 1556 1251 1640 respondisse
1265 1558 1348 1637 prin-

129 1645 222 1725 cipio,
244 1659 430 1725 mortemque
450 1640 631 1704 Maecenatis
656 1641 813 1724 derepente
828 1641 1008 1726 interrupisse
1023 1641 1223 1726 prosperorum
1236 1643 1351 1719 seriem,
1381 1678 1384 1682 ·

130 1731 168 1792 ad
193 1750 308 1792 nonum
333 1729 422 1810 usque
439 1727 566 1791 mensem
583 1728 804 1792 continuatum.
849 1727 940 1792 Mors
962 1728 1054 1814 igitur
1079 1725 1260 1792 Maeccnatis
1287 1749 1351 1791 non

131 1813 186 1878 nist
206 1813 269 1896 post
292 1814 434 1877 osterum
452 1814 580 1876 mensem
597 1815 732 1898 contigit.
779 1814 825 1904 At
846 1815 982 1897 quamvis
996 1813 1092 1878 slatim
1106 1813 1169 1895 post
1182 1837 1249 1877 eum
1265 1835 1355 1877 uren·

130 1902 190 1963 sem
205 1900 344 1962 crastum
355 1898 521 1982 contigisset
536 1900 631 1982 (quod
648 1915 747 1963 tamen
763 1923 823 1964 non
840 1899 969 1978 constat,
985 1922 1055 1964 cum
1071 1898 1206 1966 Dienon
1219 1899 1352 1984 designet

129 2004 226 2068 quoto
238 1986 284 2047 die
299 1984 475 2069 contigerit)
492 1986 511 2048 a
527 1985 587 2048 fine
602 1985 746 2049 Odiobris
757 1987 806 2054 ,ad
828 1986 1004 2069 vigesimum
1016 1986 1171 2068 septimum
1185 1987 1263 2050 diem
1279 1984 1352 2050 No-

91 2087 96 2096 ·
129 2072 231 2134 vemb.
259 2093 318 2133 non
341 2071 435 2135 suisset
458 2070 587 2136 Horatio
610 2072 732 2152 spatium
749 2072 851 2152 primis
867 2075 1007 2158 lacrymis
1032 2070 1241 2157 abstergendis.
1286 2070 1351 2135 Ita·

131 2178 192 2239 que
220 2157 335 2220 conslat
360 2180 428 2220 eum
445 2158 570 2219 nondiu
602 2156 782 2240 superstitem
806 2157 888 2221 fuisse
916 2160 1016 2222 amico
1030 2160 1091 2222 suo.
1136 2158 1220 2241 Qud
1249 2173 1353 2223 autem

129 2242 208 2304 aliud
237 2243 333 2307 facere
348 2242 495 2325 potuisset,
520 2265 581 2325 quo
596 2244 704 2307 clarius
719 2243 939 2321 demonstraret,
961 2267 1052 2329 quam
1076 2245 1265 2310 vehementer
1280 2267 1353 2310 eum

130 2327 288 2390 dilexerit?
328 2329 415 2392 Tum
436 2331 630 2411 proculdubio
646 2330 674 2392 id
690 2329 834 2413 praestitit‚
861 2332 941 2415 quod
955 2347 1024 2396 ante
1038 2332 1151 2417 aliquot
1175 2352 1270 2398 annos
1283 2332 1352 2413 pol·

131 2414 306 2479 licituserat
319 2438 412 2499 quum
429 2416 464 2477 ad
484 2414 685 2481 Maecenatem
700 2417 849 2495 scriberet,
872 2419 1034 2502 periculoso
1047 2420 1152 2486 morbo
1166 2416 1354 2486 laborantem

130 2517 161 2564 et
175 2518 302 2567 mortem
316 2520 481 2585 optantem.

430 2675 478 2740 Ah
493 2690 519 2738 te
532 2700 601 2739 mcoe
608 2677 641 2764 st
649 2693 761 2763 purtem
774 2676 970 2763 animaearapit

431 2761 587 2828 Miserior
599 2764 657 2841 vis,
683 2764 754 2847 quid
764 2787 854 2826 moror
867 2763 970 2843 astera,

471 2846 534 2910 Nec
548 2871 633 2913 carus
648 2872 737 2932 aque,
759 2875 805 2913 nec
809 2849 947 2936 superstes

402 2960 405 2969 ’
518 2933 659 3015 Integer?
683 2935 732 2999 Isse
747 2936 803 2999 dies
817 2950 964 3019 utramque

429 3016 527 3087 Ducat
541 3022 673 3094 ruinam3
694 3044 746 3084 non
760 3045 807 3103 ego
816 3022 953 3108 perfidum

429 3103 508 3183 Dixi
513 3104 741 3191 sacramentum:
763 3109 874 3182 ibimus,
888 3108 1000 3187 ibimus,

471 3191 617 3273 Utcunque
634 3192 948 3292 praesideqſsrpremum

518 3278 640 3362 Carpere
656 3279 712 3341 iter
725 3296 830 3343 comites
838 3279 950 3365 parati,
965 3278 1022 3343 &tn

175 3448 207 3513 Si
231 3446 384 3532 astrologis
408 3448 560 3512 advocatis
583 3450 620 3512 de
646 3451 736 3514 natali
751 3451 801 3513 sud
817 3452 890 3513 bord
904 3449 1089 3515 consultasset
1116 3452 1269 3531 Horatius,
1291 3474 1361 3518 non

131 3532 266 3620 potuisset
302 3535 337 3597 de
369 3534 486 3598 suorum
516 3552 684 3618 temporum
705 3560 777 3600 cum
801 3536 979 3600 Maecenatis
1009 3541 1191 3620 temporibus
1211 3539 1364 3613 consensu

132 3620 248 3697 feliciirs
261 3621 388 3683 ariolari.
434 3625 478 3684 At
505 3621 555 3685 ille
571 3625 664 3706 magis
692 3624 856 3707 perspedlas
883 3624 986 3687 babuit
1010 3626 1151 3690 amicitiae
1166 3630 1236 3703 suae,
1260 3647 1365 3709 quam

132 3708 227 3773 fatalis
252 3708 291 3768 sui
310 3706 406 3769 sideris
431 3709 517 3770 vires.
566 3708 675 3793 Neque
690 3710 813 3773 difficile
832 3708 874 3773 est
896 3732 965 3775 vera
979 3710 1145 3794 vaticinari,
1166 3734 1239 3777 cum
1254 3713 1286 3779 in
1302 3729 1365 3778 tuo

130 3794 252 3871 arbitrio
265 3793 350 3857 situm
361 3793 409 3874 stt,
433 3813 466 3858 ut
483 3794 616 3877 confiant
629 3818 698 3881 quae
714 3797 895 3882 praedixeris,
