2925 4875
460 211 672 338 oncant
700 234 991 314 nantario:
1047 221 1049 230 '
1262 267 1335 343 347
1391 211 1394 226 ’

592 341 597 368 t
821 351 826 362 .

11 375 12 382 ¹
101 379 257 447 ridiculis.
303 378 380 453 Rem
410 379 574 463 intelliges,
597 379 618 444 ti
647 384 687 446 ob
710 386 816 448 oculos
839 387 894 448 tibi
914 408 1062 469 proponas
1085 388 1182 452 bonos
1202 391 1240 453 de
1256 414 1335 477 pago

102 470 189 531 viros
213 468 394 531 rusticorum
420 486 503 529 more
532 466 681 545 saltantes,
705 470 762 532 sese
783 489 892 534 mutuo
920 479 1157 557 extemporaneis
1186 481 1336 555 cpnvicite

102 554 304 625 insonantes,
329 574 422 624 eaque
436 551 466 614 in
484 553 563 614 vices
577 556 790 634 exprobrantes
804 581 934 639 quorum
946 563 1022 623 alius
1043 562 1093 625 alii
1114 564 1227 627 conscii
1250 565 1331 628 sunt.

102 633 180 703 Hoc
196 640 240 704 est
256 641 336 726 quod
352 637 496 702 Horatius
508 640 583 702 dicit
599 638 692 722 Epist.
716 639 810 706 elib.
828 664 858 707 2.

116 725 119 732 ’
282 725 445 808 Fescennina
453 738 503 805 per
514 723 586 786 hanc
599 727 713 789 inventa
725 728 836 793 lieentia
850 754 948 796 merent

283 812 407 889 Versibus
420 809 534 873 alternis
548 815 692 894 opprobria
708 815 927 901 nestitasundit}
1342 891 1345 900 ¹

101 893 266 964 Infrenam
279 901 357 963 hanc
369 913 402 961 ct
416 898 612 978 impotentem
628 899 781 964 licentiam
797 905 915 984 excepit
932 927 994 968 non
1009 906 1051 967 ita
1067 905 1164 970 mult6
1176 907 1239 990 poll
1253 905 1333 972 alius

100 990 226 1071 generis
240 1007 376 1061 carmen,
390 982 561 1068 castigatius
574 985 696 1066 quidem
714 987 798 1063 illud,
819 988 865 1049 sed
884 993 1023 1053 refertum
1036 995 1126 1054 etiam
1147 995 1275 1057 dicteriis
1290 995 1328 1056 ad

100 1073 290 1135 movendum
317 1072 404 1134 risum
429 1072 622 1150 comparatis,
638 1075 718 1155 quod
737 1089 837 1135 tamen
855 1077 928 1136 nibil
945 1078 1136 1157 turpitudinis
1159 1081 1329 1154 admiserim

10 1171 11 1186 ¹
99 1160 278 1237 comparuit
303 1160 363 1221 hoc
383 1178 503 1218 tarmen
529 1155 580 1218 sub
606 1156 713 1220 Satirae
734 1161 858 1222 nomine
886 1177 927 1223 ob
942 1166 1113 1227 varietatem
1130 1167 1232 1228 suam:
1256 1189 1326 1247 quae

100 1246 230 1329 quidem
247 1244 342 1306 Satira
356 1260 454 1303 certos
470 1240 575 1306 habuit
596 1244 693 1321 madet,
718 1245 738 1305 i.
756 1268 782 1306 e.
807 1245 954 1310 murreum
970 1267 1001 1311 et
1015 1269 1233 1336 congruentem
1256 1274 1327 1314 mo·
1361 1305 1363 1312 s

101 1348 183 1407 tum,
201 1330 339 1414 relegatis
354 1325 485 1413 gestibus
498 1330 600 1390 minus
614 1329 755 1392 bonellia.
802 1329 895 1394 Titus
916 1332 1033 1411 Livius,
1047 1337 1099 1398 lib.
1115 1358 1143 1419 7.
1160 1360 1187 1400 c.
1204 1355 1233 1400 2.
1251 1337 1325 1402 Ver-

100 1416 396 1501 naexlr'rartificibus,
420 1417 486 1498 qaia
510 1412 610 1477 Hister
635 1412 717 1502 Tusco
736 1417 819 1478 verbo
842 1415 945 1482 Ludio
970 1424 1134 1492 vecabatur,
1157 1446 1248 1486 nonen
1277 1426 1326 1485 bi·

99 1500 255 1565 slronibua
277 1502 475 1585 inditumque·
496 1524 557 1576 nen,
571 1499 644 1581 ficut
664 1516 738 1578 etate,
764 1501 918 1588 Fescennina
945 1505 1025 1593 versa
1052 1507 1163 1580 fimilern
1191 1509 1324 1591 incompa-

87 1586 179 1671 fitttnr
194 1589 335 1651 tentarint
348 1587 444 1653 rudent
457 1585 573 1650 alternis
577 1585 720 1669 jaciebant
742 1588 799 1671 sed
810 1590 931 1674 impletae
947 1592 1031 1654 aradis
1047 1589 1178 1669 Saturae,
1193 1594 1324 1677 descripte

91 1674 158 1757 jane
183 1675 226 1737 ad
249 1675 386 1738 tibicinem
409 1688 505 1750 tanta,
526 1688 651 1757 metaque
670 1677 826 1759 congruenti
844 1679 1022 1760 peragebant.
1070 1677 1145 1742 Non
1162 1681 1324 1743 abludebat
1387 1675 1389 1682 l

99 1761 168 1825 haec
183 1759 279 1825 Satira
292 1761 309 1825 a
321 1760 426 1825 nostris
445 1759 541 1823 Ferret
554 1762 791 1841 paternioribus,
803 1764 854 1826 ubi
870 1765 1036 1843 promiscue
1050 1783 1081 1828 et
1097 1764 1321 1848 Spediatoribue

98 1845 910 1913 etAdloribuaScenicosaledefricabantutauricolae.
1025 1853 1045 1864 “’

142 1936 249 2016 Atque
264 1937 304 1997 ita
318 1934 345 1996 se
359 1935 490 1998 habebat
510 1952 555 1992 res
572 1929 717 2008 Scenica;
741 1955 809 1996 cum
826 1934 932 2000 Livius
955 1936 1126 2001 Andronicus
1150 1938 1186 2001 ad
1213 1937 1321 2000 (hna-

98 2022 159 2085 dier
187 2037 220 2084 et
244 2019 412 2101 Tragoe'diar
435 2021 470 2082 ad
496 2015 682 2083 Graecorum
713 2020 913 2092 imitationem
942 2026 1171 2088 conscribendas
1204 2028 1319 2105 ptimo:

9 2157 10 2162 1
98 2111 234 2177 animum
250 2101 382 2189 appoliti
415 2128 485 2189 quae
500 2127 569 2167 curn
595 2104 665 2169 ellet
687 2106 851 2169 oblectatio
871 2127 901 2171 et
920 2109 1072 2174 liberalior
1092 2127 1122 2173 et
1144 2110 1318 2187 absolutior,

98 2218 171 2259 mox
193 2195 253 2257 huc
270 2193 404 2276 undique
417 2192 592 2255 catervatim
613 2193 793 2255 concursum
817 2190 871 2270 est,
894 2196 1031 2281 neglecta
1053 2198 1088 2260 ad
1118 2214 1236 2278 tempus
1261 2194 1319 2259 Sa·
1364 2203 1368 2210 '

96 2281 164 2356 tini,
187 2302 280 2359 quam
306 2296 407 2342 tamen
438 2279 527 2364 paulo
556 2276 621 2359 post
649 2279 855 2359 reprehensam
880 2299 966 2344 erant
989 2284 1041 2363 qui
1066 2281 1237 2346 Comoediis
1250 2284 1317 2368 jam

97 2367 221 2449 peraeta
237 2367 299 2428 noir
315 2363 438 2429 absurde
459 2363 667 2428 subnedlerent
684 2366 781 2451 (quod
804 2362 890 2430 Galli
914 2369 943 2430 in
965 2367 1021 2430 suis
1044 2366 1150 2431 Farees¹
1164 2369 1317 2454 hodieque

95 2456 229 2534 faciunt)
253 2451 416 2516 Attellanis
437 2470 531 2526 certe,
556 2467 675 2514 mutato
699 2470 764 2515 tum
786 2452 916 2535 primurn
939 2453 1104 2537 Satyrorum
1127 2458 1252 2521 nomine
1279 2452 1316 2521 itt

95 2542 217 2617 Exodia,
240 2537 321 2621 quod
345 2540 374 2600 in
391 2537 539 2620 posterum
556 2535 673 2599 mansit.
1121 2545 1124 2551 “

8 2620 10 2635 '
136 2631 242 2712 Atque
257 2627 321 2690 ltaec
335 2624 393 2687 fuit
409 2626 504 2706 prima
519 2637 550 2688 et
564 2624 762 2706 antiquiffima
779 2621 928 2689 Romanae
944 2623 1050 2689 Satirae
1064 2627 1172 2693 sorma.
1216 2624 1315 2692 Erant
1422 2682 1426 2693 .

95 2717 215 2801 quidem
230 2712 299 2776 dure
315 2711 393 2786 aliae,
420 2730 595 2794 quanquam
619 2708 636 2769 a
662 2712 758 2791 prima
782 2711 910 2773 multum
926 2712 1142 2795 discrepabant,
1164 2715 1192 2777 ei
1208 2712 1312 2776 tamen

96 2801 175 2885 quast
190 2814 288 2864 enatae
303 2795 476 2882 suffragines
491 2812 593 2859 ortum
617 2796 705 2860 suum
728 2796 916 2874 referebant3
941 2802 1130 2881 quodquam
1147 2798 1312 2883 brevissime

96 2884 211 2973 poterd,
228 2886 293 2971 jam
308 2881 520 2946 confirmatum
543 2881 630 2944 dabo.
1123 2904 1128 2921 ¹
1258 2906 1260 2909 ·

137 2974 213 3037 Uno
228 2993 310 3035 anno
323 2967 480 3053 postquam
495 2967 599 3032 Livius
616 2966 724 3047 primas
740 2965 860 3030 dedillet
875 2968 1000 3045 fabulas,
1014 2986 1101 3034 natos
1122 2970 1164 3035 est
1186 2974 1217 3036 in
1244 2966 1312 3034 Ita·

93 3059 286 3123 littonias:
311 3058 364 3137 qui
392 3073 461 3118 cum
486 3051 665 3130 adolevitlet,
689 3070 720 3115 et
742 3054 917 3138 diligentius
938 3054 1154 3134 considerasset,
1175 3076 1311 3140 quanto·

95 3168 161 3228 pete
182 3142 352 3231 hujusmodi
368 3138 471 3204 Satiris
480 3140 676 3203 delectaretur
691 3140 842 3222 populus3
871 3141 949 3204 tedia
968 3159 997 3204 et
1019 3143 1048 3204 id
1074 3145 1159 3222 vidit,
1180 3143 1310 3207 Poema-

8 3224 13 3265 ”
94 3249 134 3310 ta,
150 3232 307 3314 quaelicet
323 3226 462 3291 Theatro
477 3249 540 3289 non
555 3225 784 3302 destinarentur,
806 3224 931 3289 suffusos
952 3227 1022 3291 selle
1045 3230 1116 3291 sales
1137 3248 1167 3293 et
1188 3229 1311 3293 dicteria

90 3317 255 3384 Satirarum
271 3314 422 3380 mordacia
437 3312 646 3375 conservarent
665 3330 779 3388 tamen,
797 3334 858 3374 non
876 3312 952 3394 polle
969 3337 1029 3377 non
1045 3316 1160 3399 placere
1175 3317 1307 3399 popul03

93 3406 257 3488 periculum
272 3403 345 3464 fecit
357 3414 452 3483 atque
466 3398 558 3462 edidit
577 3400 714 3462 Sermones
728 3417 804 3479 quos
828 3397 937 3462 Satires
962 3399 1074 3464 servato
1097 3403 1225 3485 antiquo
1249 3424 1313 3480 no.

93 3494 171 3556 mine
185 3488 334 3572 apellavit.
379 3483 476 3549 Erant
498 3483 530 3546 hi
550 3483 710 3548 Sermones
733 3483 919 3560 Horatianis,
940 3489 1018 3570 quod
1039 3484 1307 3572 ad'atglrmentum

91 3593 120 3642 et
133 3578 306 3642 varietatem
316 3574 434 3647 ¹rerum,
450 3591 501 3653 per
515 3572 619 3634 omnia
633 3568 758 3634 similes:
783 3568 936 3654 Excepto,
947 3573 1028 3656 quod
1043 3571 1161 3637 Ennius
1175 3574 1211 3637 ad
1229 3596 1308 3658 quo·

92 3665 216 3729 tundam
246 3660 442 3735 Graecorum,
479 3654 568 3738 ipsius
593 3656 683 3718 etiam
710 3656 835 3719 Homeri
872 3658 1055 3737 exemplum,
1087 3660 1115 3721 id
1145 3658 1197 3724 sibi
1226 3662 1306 3745 juria

92 3751 250 3831 sumpserit,
274 3763 308 3812 ut
333 3744 418 3820 plura
447 3744 615 3805 carminum
642 3763 765 3825 genera,
793 3743 925 3807 confusis
948 3741 1144 3820 Hexernetrir,
1166 3746 1305 3823 lambitis,

8 3888 10 3899 ,
91 3837 249 3910 tetmaris,
264 3851 295 3898 et
312 3828 505 3905 Tetranretrir,
528 3827 684 3891 Trochaicis
698 3831 917 3907 commisceret,
940 3846 974 3894 ut
990 3854 1027 3894 ex
1045 3831 1219 3916 fragmentis
1234 3854 1304 3914 quae

8 3912 9 3929 ¹
91 3922 250 4004 supersunt,
264 3921 331 3984 satis
345 3918 453 3999 liquet.
553 3940 557 3956 ¹
630 3924 633 3931 ’
1325 3970 1333 3982 r

131 4007 247 4072 Videtis
283 4005 547 4069 Tetrametrorum
578 4000 750 4082 exemplum
776 4002 814 4066 ab
843 4002 926 4065 Aulo
951 4002 1058 4068 Gellio
1081 4004 1303 4087 conservatum,

92 4086 212 4182 digitum
225 4096 307 4167 sane,
329 4088 410 4174 quod
435 4089 476 4151 ob
489 4087 628 4149 eximiam
648 4086 902 4168 pulchritudinem
921 4091 972 4154 hic
986 4106 1157 4173 reponatur.

255 4177 320 4241 Hae
333 4174 390 4240 erit
400 4174 453 4238 tibi
465 4171 769 4258 argunenttansernper
778 4175 809 4237 in
816 4174 1047 4262 promptulam,

254 4263 371 4352 Neqxid
378 4268 495 4349 expetter
503 4260 614 4349 enices,
629 4259 700 4346 qaod
713 4275 771 4327 tate
783 4283 864 4345 agere
872 4262 961 4351 peffis.
1184 4350 1218 4417 A
1453 4342 1455 4367 4

1220 4373 1303 4417 nnu-
1454 4378 1455 4425 ς

1439 4542 1455 4579 a*

1438 4590 1445 4613 t
